3692 5350
384 555 435 630 at
658 528 665 532 ’
838 569 1044 653 maruan

380 704 422 776 ⁴di
441 707 714 794 κατεργασάμενος
743 706 838 791 ἔλαβε
869 709 924 773 τὸν
945 707 1060 791 θρόνον
1081 714 1183 785 κακῶς
1206 712 1261 774 κατ’
1280 712 1483 793 iuriiurando,

385 815 441 874 κατ’
461 810 615 891 ἐξεβλήθη
638 807 732 871 πάλιν
755 806 771 871 ὃ
789 805 898 889 κύριος
913 805 1055 888 Συμεών.
1100 810 1240 883 στάσεως
1261 812 1296 873 δὲ
1317 813 1484 891 γενομένης

385 902 442 970 oria
459 900 579 988 ἤθελον
600 906 882 987 σνλλειτοοργῆσσι
900 908 1004 993 αύτῷ·
1027 907 1108 989 πλην
1130 905 1194 971 sind.
1217 902 1321 991 φόβου
1338 908 1403 969 τῶν
1422 902 1484 982 ἐξω

355 1030 358 1032 “
384 1006 441 1067 κατ’
456 995 582 1076 άκοντες
602 1003 907 1085 σονελεντούργησαν
924 1004 1019 1090 edrai.
1061 1002 1149 1068 τόσον
1172 1007 1207 1081 di
1228 996 1268 1085 ἦν
1289 1001 1305 1066 ὅ
1329 1004 1485 1083 τρισβάρ.

341 1176 347 1185 ⁴
384 1107 483 1183 βάρος
504 1090 648 1181 μέθυσοέ
661 1097 707 1165 ὅτι
731 1094 804 1162 ούτε
826 1102 860 1165 ἐν
873 1105 913 1187 τῇ
932 1102 1054 1188 μεγάλῃ
1076 1099 1228 1183 ἑβδομάδι
1243 1098 1384 1184 η’δύνοτο
1407 1100 1511 1183 στῆ-5

384 1224 437 1265 aas
459 1203 492 1263 ἐν
515 1202 552 1283 τῇ
574 1201 746 1287 άκολσνθνηε
767 1201 822 1279 τῆς
844 1202 1009 1283 ἐκκλησίας
1032 1198 1095 1262 siai
1116 1202 1219 1282 μέθης
1238 1195 1384 1283 μεγάλης.
1411 1194 1486 1263 ὅθεν

386 1300 440 1361 κατ’
460 1297 571 1373 πάντες
601 1297 733 1377 ἐμίσουν
765 1294 874 1376 ούτὸν,
902 1295 958 1360 κατ’
975 1294 1023 1361 ἔτι
1044 1294 1093 1361 ὅτι
1121 1290 1160 1380 η’ν
1182 1301 1236 1360 κατ’
1257 1294 1486 1379 άλλόγλτοσσος.

384 1400 604 1469 τελειωθέντος
632 1398 667 1458 δὲ
701 1400 759 1459 τοῦ
776 1395 916 1478 χρόνον,
953 1393 1010 1459 καί
1040 1394 1085 1478 μη“
1110 1398 1297 1479 δυνηθέντος
1315 1396 1427 1458 δοῦναι
1450 1394 1484 1458 τά

381 1491 565 1577 χαράτζιον,
589 1495 715 1568 addenda
737 1485 826 1567 ὄντος
838 1498 895 1558 τού
915 1499 1107 1577 βοηθοῦντος
1122 1496 1219 1580 odaei,
1240 1486 1313 1557 οὔτε
1328 1498 1389 1558 τῶν
1408 1501 1486 1578 κλη-

384 1595 480 1673 arnoia
502 1585 576 1653 οὔτε
606 1594 663 1659 τοῦ
687 1597 782 1675 λαοῦ,
804 1594 961 1674 ’ἐνέβαλον
990 1590 1086 1655 αύτόν
1117 1594 1215 1678 ἐν“τῇ
1241 1596 1380 1678 φυλακῇ.
1431 1590 1487 1653 καί
1496 1603 1529 1655 10
1585 1586 1588 1591 ’

320 1763 324 1768 ,
385 1689 588 1770 ἐξερχόμενος
608 1690 708 1772 αὐτῆς
731 1694 786 1753 κατ’
807 1692 1030 1774 διερχόμενος,
1053 1692 1096 1765 ὦς
1120 1689 1214 1771 ἔθος,
1235 1691 1316 1771 μετά
1340 1691 1485 1777 α’λύσετος

329 1782 592 1870 425ἐλεημοσύνης
619 1785 708 1852 ἕνεκα
736 1791 930 1871 ἐτελεύτησε.
972 1793 1087 1875 κοινῆςΙ
1110 1792 1146 1853 δὲ
1173 1792 1291 1872 βουλῆς
1316 1790 1485 1871 γενομένης

348 1928 353 1932 -
384 1889 440 1951 κατ’
462 1886 598 1949 συνόδου
619 1886 895 1973 σνγκροτηθείσης,
917 1890 1068 1971 ἐποίησαν
1092 1890 1292 1971 τιοτριάρχην
1315 1885 1365 1951 τὸν
1384 1891 1486 1967 μέγαν
1568 1892 1572 1899 ’

363 1982 625 2070 ιέκκλησεάρχην,
647 1983 927 2066 μετωνομάσαντες
949 1987 1045 2051 αύτὸν
1068 1988 1230 2067 Μάξιμον,

466 2083 517 2146 Ἔν
550 2086 586 2147 δὲ
616 2087 659 2170 τῷ
685 2082 783 2171 ,ςῇοη
801 2082 867 2167 ἐτεε
885 2087 1013 2170 ἐντονήσε
1043 2084 1151 2170 μάχην
1171 2085 1253 2166 μετά
1275 2086 1337 2147 τῶν
1359 2084 1533 2151 Benaci-15·

388 2204 461 2259 νοον,
484 2185 538 2244 κατ’
566 2182 728 2265 ἐπορεύθη
757 2186 824 2245 κατ’
857 2179 962 2247 σύτῶν
997 2184 1060 2248 sind
1083 2208 1116 2249 τε
1148 2189 1204 2267 γῆς
1226 2182 1281 2247 κατ’
1310 2182 1486 2267 θαλάσσης,

387 2275 481 2358 ἔλαβε
505 2281 541 2343 δὲ
563 2278 621 2361 την
642 2277 819 2364 Εὔριαττον.
869 2283 924 2345 κατ’
950 2281 1021 2349 ἐντεί
1051 2285 1267 2368 προσκυνῆσαι
1289 2284 1347 2344 ούκ
1368 2282 1486 2366 ἦθὲλη.

387 2400 457 2455 σον,
478 2378 642 2441 α’ντέκτεινε
657 2376 775 2453 πάντας
796 2372 916 2464 ἄνδρας
929 2382 1002 2456 τούς
1015 2384 1108 2445 πλέον
1131 2384 1192 2447 τῶν
1214 2382 1253 2462 ιβ’
1280 2382 1368 2445 ἐτῶν.
1390 2377 1486 2460 ἔλαβε
1532 2410 1534 2415 κ

387 2477 500 2540 τλάμον’
520 2475 586 2559 ,την
620 2470 763 2542 Φθελιάν
796 2482 852 2541 κατ’
876 2478 908 2541 τά
936 2483 967 2543 Γ
966 2482 1128 2561 αρέύκιον·
1186 2483 1290 2565 άφῆκε
1318 2482 1355 2543 δὲ’
1379 2482 1485 2569 ταῦτα

387 2571 505 2660 ἄοικα,
525 2575 628 2645 πάντα
657 2576 712 2640 τάν
734 2577 813 2641 λαὸν
835 2579 1216 2644 ἐνΚοννσταντινοοαόλει
1238 2584 1380 2664 κομίσας,
1402 2577 1527 2643 ὅσονλθ

389 2851 515 2912 acesium,
535 2850 586 2902 hoc
608 2860 649 2902 est
668 2868 766 2903 munus
781 2851 855 2920 quod
869 2852 1019 2920 patriarcha
1039 2868 1110 2904 novo
1130 2861 1220 2904 creato
1242 2851 1329 2914 datur,
1351 2853 1484 2920 quingen·

389 2930 479 2972 lorum
499 2938 649 2972 aureorum.
687 2923 738 2973 hac
757 2938 804 2972 sua
825 2923 929 2972 malitia
949 2932 977 2973 et
1005 2922 1153 2973 ambitione
1173 2924 1205 2972 ad
1227 2923 1356 2973 honorem
1374 2922 1486 2972 alterius

327 3026 332 3036 ,
389 2999 523 3057 grassatus
545 3004 696 3058 supremum
715 2994 846 3042 ecclesiae
864 2993 960 3042 solium
976 2992 1140 3053 conscendit,
1159 2995 1292 3058 Symeoue
1311 2992 1400 3042 denuo
1421 2992 1492 3044 inda.

390 3059 507 3122 deiecto.
528 3061 664 3118 seditione
684 3072 749 3112 tnnc
769 3060 898 3112 adversus
915 3079 977 3111 eum
997 3073 1055 3136 prta
1072 3064 1220 3113 noluerunt
1241 3064 1266 3112 ei
1284 3062 1437 3114 sacerdotes
1454 3065 1483 3112 in

391 3130 473 3179 sacris
497 3147 549 3179 nna
577 3131 710 3181 obeundis
740 3132 843 3184 adesse.
886 3141 1005 3183 attamen
1029 3134 1150 3184 diversae
1180 3133 1317 3199 religionis
1345 3133 1485 3182 hominum

391 3208 475 3260 metu,
495 3202 617 3267 quamvis
638 3202 725 3262 inviti,
745 3219 797 3252 nna
815 3204 897 3252 sacris
926 3205 1029 3271 operati
1052 3212 1122 3253 sunt.
1160 3204 1313 3253 intantum
1335 3210 1423 3253 autem
1442 3203 1486 3252 in-

392 3270 480 3319 sulsus
502 3270 549 3320 ille
571 3269 700 3321 barbarus
720 3274 748 3321 in
767 3273 924 3323 ebrietatem
952 3281 1010 3324 erat
1027 3275 1176 3336 immersus,
1196 3282 1225 3323 ut
1246 3290 1280 3323 ne
1302 3274 1330 3323 in
1350 3273 1487 3322 sanctissi-

392 3356 434 3390 ma
446 3339 555 3404 quidem
569 3341 703 3410 paschatis
723 3338 902 3404 hebdomade,
921 3343 949 3394 in
969 3343 1122 3411 peragendo
1141 3344 1270 3393 ecclesiae
1287 3339 1389 3402 marnis,
1407 3341 1486 3411 pedi-

299 3441 303 3446 =
392 3409 443 3460 bus
463 3412 588 3464 insistere
609 3413 662 3462 suis
689 3430 753 3481 prae
776 3415 935 3464 temulentia
957 3423 1056 3480 posset.
1095 3413 1164 3465 unde
1196 3413 1319 3464 omnibus
1338 3412 1400 3463 odio
1421 3421 1488 3476 erat,

255 3475 268 3505 ”
385 3482 549 3548 0praeseuim
571 3501 630 3538 cnm
651 3483 741 3549 lingna
775 3500 884 3552 quoqne
914 3484 1043 3534 barbarus
1069 3493 1148 3534 esset.
1192 3500 1286 3548 ⁸annuo
1316 3499 1379 3533 vero
1399 3484 1489 3552 spatio

332 3548 335 3553 ’
394 3560 497 3613 exacto,
517 3569 578 3602 cum
597 3552 726 3603 tributum
748 3552 811 3606 dare
828 3571 883 3604 non
902 3562 995 3622 posset
1013 3555 1103 3622 (nenio
1124 3555 1205 3615 euim,
1225 3547 1274 3604 nec'
1294 3552 1327 3603 de
1346 3557 1418 3604 clero
1439 3570 1490 3604 nec

394 3620 428 3671 ‹le
447 3623 567 3691 populo,
597 3625 741 3693 quicquam
762 3642 795 3675 eo
819 3624 985 3686 conferebat,
1007 3643 1041 3675 ne
1068 3624 1179 3674 obolum
1198 3624 1330 3692 quidem),
1351 3625 1490 3674 coniectus

396 3691 447 3740 luit
469 3693 497 3743 in
515 3709 655 3744 carcerem.
692 3694 757 3744 inde
778 3704 871 3764 postea
887 3694 1000 3745 emissus
1019 3711 1077 3744 cum
1095 3695 1203 3764 passim,
1224 3705 1343 3744 catenam
1364 3691 1398 3744 de
1416 3711 1491 3744 ruore
1522 3733 1524 3740 .

308 3808 310 3812 ,
397 3765 633 3832 gestans‚stipern
658 3758 815 3831 colligeret,
845 3773 965 3816 mortuus
997 3771 1044 3815 'est
1092 3763 1195 3829 synodo
1226 3766 1320 3831 itaque
1339 3772 1441 3824 coacta,
1464 3780 1492 3814 re

397 3833 530 3881 communi
558 3835 671 3886 consilio
699 3836 865 3898 deliberata,
887 3835 973 3885 lactus
990 3844 1031 3885 est
1060 3834 1209 3903 patriarcha
1230 3837 1252 3885 is
1273 3835 1320 3902 qui
1339 3835 1428 3900 magni
1448 3850 1494 3884 ec-

397 3900 559 3952 clesiarchae
596 3921 737 3972 personam
763 3903 927 3970 sarstinebat5
960 3921 1038 3974 quern
1072 3906 1181 3954 nomine
1217 3913 1321 3956 mutato
1345 3905 1494 3954 Maximum

397 3981 594 4038 nuncuparunt.

470 4058 546 4106 Anno
565 4075 580 4106 a
603 4058 703 4109 mundo
722 4059 832 4110 condito
850 4060 936 4110 sexies
956 4060 1098 4111 millesimo
1120 4061 1327 4128 nongentesimo
1347 4067 1493 4127 septuage-

398 4123 466 4173 simo
484 4134 578 4175 octavo
596 4129 718 4180 sullanus
739 4130 841 4179 bellum
864 4131 975 4181 Venetis
998 4132 1081 4194 fecit,
1100 4139 1178 4181 terra
1200 4131 1320 4199 marique
1346 4146 1493 4196 aggressus.

399 4197 562 4259 expsrgnavit
573 4195 727 4248 Chalcidem
748 4201 892 4265 Euboeae3
912 4201 959 4250 ubi
979 4201 1109 4270 quicquid
1123 4197 1264 4250 masculini
1285 4217 1365 4250 sexus
1386 4198 1493 4250 darode-

400 4265 496 4313 ciuurm
517 4268 612 4316 aetatis
638 4284 736 4317 arrasam
763 4271 895 4322 excedens
923 4281 995 4333 erat,
1022 4272 1158 4322 interiecit
1185 4279 1295 4340 propter
1324 4270 1492 4330 deditionem

401 4343 555 4389 recusatam.
601 4339 673 4404 cepit
690 4347 717 4387 et
741 4339 888 4390 Plrtlreliam
908 4351 991 4409 atque
1019 4342 1276 4409 Gardici111113qsrae
1297 4341 1493 4391 arnboiucolis

396 4421 482 4459 laeua
502 4406 664 4469 lactescunt
686 4425 777 4461 cortun
796 4413 898 4479 populo
919 4413 1177 4484 Constantinopolin
1198 4412 1312 4477 tralat03
1334 4412 1492 4483 quostiam
1585 4433 1586 4436 ¹
1628 4430 1630 4434 ’
