<?xml version="1.0" encoding="UTF-8"?>
<!DOCTYPE html PUBLIC "-//W3C//DTD XHTML 1.0 Transitional//EN"
    "http://www.w3.org/TR/xhtml1/DTD/xhtml1-transitional.dtd">
<html xmlns="http://www.w3.org/1999/xhtml" xml:lang="en" lang="en">
 <head>
  <title>
</title>
<meta http-equiv="Content-Type" content="text/html;charset=utf-8" />
  <meta name='ocr-system' content='tesseract 3.04.00' />
  <meta name='ocr-capabilities' content='ocr_page ocr_carea ocr_par ocr_line ocrx_word'/>
</head>
<body>
  <div class='ocr_page' id='page_1' title='image "./historiapolitic00bekkgoog_0095.png"; bbox 0 0 3692 5350; ppageno 0'>
   <div class='ocr_carea' id='block_1_1' title="bbox 696 591 1410 698">
    <p class='ocr_par' dir='ltr' id='par_1_1' title="bbox 696 591 1410 698">
     <span class='ocr_line' id='line_1_1' title="bbox 696 591 1410 698; baseline 0.003 -38"><span class='ocrx_word' id='word_1_1' title='bbox 696 591 1018 698; x_wconf 74' lang='lat' dir='ltr'><strong>mmmcmcu.</strong></span> <span class='ocrx_word' id='word_1_2' title='bbox 1328 592 1410 663; x_wconf 70' lang='lat' dir='ltr'><strong>aa«</strong></span> 
     </span>
    </p>
   </div>
   <div class='ocr_carea' id='block_1_2' title="bbox 219 731 1463 2705">
    <p class='ocr_par' dir='ltr' id='par_1_2' title="bbox 248 731 1439 1121">
     <span class='ocr_line' id='line_1_2' title="bbox 248 731 1379 832; baseline -0.005 -24"><span class='ocrx_word' id='word_1_3' title='bbox 248 775 250 786; x_wconf 93' lang='lat'>·</span> <span class='ocrx_word' id='word_1_4' title='bbox 279 745 295 808; x_wconf 85' lang='lat' dir='ltr'><strong>d</strong></span> <span class='ocrx_word' id='word_1_5' title='bbox 317 739 395 816; x_wconf 78' lang='grc' dir='ltr'>θεὸς</span> <span class='ocrx_word' id='word_1_6' title='bbox 416 731 529 816; x_wconf 62' lang='lat' dir='ltr'><strong>ditem</strong></span> <span class='ocrx_word' id='word_1_7' title='bbox 549 741 583 806; x_wconf 76' lang='lat' dir='ltr'><strong>dv</strong></span> <span class='ocrx_word' id='word_1_8' title='bbox 605 737 708 832; x_wconf 78' lang='grc' dir='ltr'>ἓαυιρῦ</span> <span class='ocrx_word' id='word_1_9' title='bbox 718 745 774 808; x_wconf 88' lang='grc' dir='ltr'><strong><em>καί</em></strong></span> <span class='ocrx_word' id='word_1_10' title='bbox 792 741 852 826; x_wconf 86' lang='grc' dir='ltr'><strong>πρὸ</strong></span> <span class='ocrx_word' id='word_1_11' title='bbox 873 743 932 806; x_wconf 83' lang='grc' dir='ltr'><strong>τοῦ</strong></span> <span class='ocrx_word' id='word_1_12' title='bbox 948 741 1220 825; x_wconf 72' lang='grc' dir='ltr'><strong>δημιουργηθῆναι</strong></span> <span class='ocrx_word' id='word_1_13' title='bbox 1241 737 1297 805; x_wconf 81' lang='lat' dir='ltr'><strong>ain&#39;</strong></span> <span class='ocrx_word' id='word_1_14' title='bbox 1317 743 1379 807; x_wconf 79' lang='grc' dir='ltr'><strong>αῦ.</strong></span> 
     </span>
     <span class='ocr_line' id='line_1_3' title="bbox 278 827 1380 926; baseline 0 -19"><span class='ocrx_word' id='word_1_15' title='bbox 278 845 337 907; x_wconf 85' lang='grc' dir='ltr'><strong>τοῦ</strong></span> <span class='ocrx_word' id='word_1_16' title='bbox 360 838 414 905; x_wconf 78' lang='grc' dir='ltr'><strong>νῦν</strong></span> <span class='ocrx_word' id='word_1_17' title='bbox 444 839 581 922; x_wconf 75' lang='grc' dir='ltr'>νόσμον,</span> <span class='ocrx_word' id='word_1_18' title='bbox 604 844 660 906; x_wconf 83' lang='grc' dir='ltr'><strong><em>καί</em></strong></span> <span class='ocrx_word' id='word_1_19' title='bbox 689 841 743 906; x_wconf 80' lang='lat' dir='ltr'><strong>dui</strong></span> <span class='ocrx_word' id='word_1_20' title='bbox 774 842 895 907; x_wconf 79' lang='grc' dir='ltr'>τούτων</span> <span class='ocrx_word' id='word_1_21' title='bbox 921 836 1153 924; x_wconf 74' lang='grc' dir='ltr'><strong>ἐδημιούργησε</strong></span> <span class='ocrx_word' id='word_1_22' title='bbox 1175 827 1380 926; x_wconf 72' lang='grc' dir='ltr'>τὸνίιόσμον,</span> 
     </span>
     <span class='ocr_line' id='line_1_4' title="bbox 280 936 1380 1028; baseline 0 -24"><span class='ocrx_word' id='word_1_23' title='bbox 280 944 338 1005; x_wconf 85' lang='grc' dir='ltr'><strong><em>καί</em></strong></span> <span class='ocrx_word' id='word_1_24' title='bbox 358 936 411 1004; x_wconf 76' lang='lat' dir='ltr'><strong>dui</strong></span> <span class='ocrx_word' id='word_1_25' title='bbox 436 938 556 1002; x_wconf 83' lang='grc' dir='ltr'>τούτων</span> <span class='ocrx_word' id='word_1_26' title='bbox 579 943 715 1028; x_wconf 79' lang='grc' dir='ltr'><strong><em>κυβερνᾷ</em></strong></span> <span class='ocrx_word' id='word_1_27' title='bbox 736 939 840 1005; x_wconf 75' lang='grc' dir='ltr'>αὐτόν.</span> <span class='ocrx_word' id='word_1_28' title='bbox 861 938 917 1003; x_wconf 75' lang='grc' dir='ltr'><strong>καὶ</strong></span> <span class='ocrx_word' id='word_1_29' title='bbox 936 940 1038 1002; x_wconf 81' lang='grc' dir='ltr'>ταῦτα</span> <span class='ocrx_word' id='word_1_30' title='bbox 1060 936 1100 1001; x_wconf 79' lang='grc' dir='ltr'><strong>τῦ</strong></span> <span class='ocrx_word' id='word_1_31' title='bbox 1123 941 1197 1020; x_wconf 76' lang='grc' dir='ltr'>τριλι</span> <span class='ocrx_word' id='word_1_32' title='bbox 1217 939 1380 1020; x_wconf 73' lang='grc' dir='ltr'><strong>ἰδιώματα</strong></span> 
     </span>
     <span class='ocr_line' id='line_1_5' title="bbox 277 1031 1439 1121; baseline 0.004 -20"><span class='ocrx_word' id='word_1_33' title='bbox 277 1036 477 1119; x_wconf 75' lang='grc' dir='ltr'><strong>Ιὀνομάζομεν</strong></span> <span class='ocrx_word' id='word_1_34' title='bbox 498 1045 583 1120; x_wconf 83' lang='grc' dir='ltr'><strong><em>τρεῖς</em></strong></span> <span class='ocrx_word' id='word_1_35' title='bbox 603 1037 796 1114; x_wconf 77' lang='grc' dir='ltr'><em>ὑποστάσεις</em></span> <span class='ocrx_word' id='word_1_36' title='bbox 816 1032 912 1121; x_wconf 79' lang='grc' dir='ltr'>ἤγουν</span> <span class='ocrx_word' id='word_1_37' title='bbox 926 1035 999 1121; x_wconf 68' lang='grc' dir='ltr'><strong>τρία</strong></span> <span class='ocrx_word' id='word_1_38' title='bbox 1015 1031 1179 1119; x_wconf 81' lang='grc' dir='ltr'><strong>πρόσωπα.</strong></span> <span class='ocrx_word' id='word_1_39' title='bbox 1221 1041 1277 1102; x_wconf 75' lang='grc' dir='ltr'><strong>καὶ</strong></span> <span class='ocrx_word' id='word_1_40' title='bbox 1299 1038 1380 1104; x_wconf 81' lang='grc' dir='ltr'>διότι</span> <span class='ocrx_word' id='word_1_41' title='bbox 1389 1050 1439 1106; x_wconf 80' lang='lat' dir='ltr'><strong>stt</strong></span> 
     </span>
    </p>

    <p class='ocr_par' dir='ltr' id='par_1_3' title="bbox 254 1132 1383 1515">
     <span class='ocr_line' id='line_1_6' title="bbox 254 1132 1382 1224; baseline 0.008 -30"><span class='ocrx_word' id='word_1_42' title='bbox 254 1134 367 1224; x_wconf 72' lang='grc' dir='ltr'>δαῦιὰ</span> <span class='ocrx_word' id='word_1_43' title='bbox 390 1136 429 1200; x_wconf 83' lang='grc' dir='ltr'><strong>τὰ</strong></span> <span class='ocrx_word' id='word_1_44' title='bbox 453 1132 613 1217; x_wconf 77' lang='grc' dir='ltr'><strong><em>ἰδιώματα</em></strong></span> <span class='ocrx_word' id='word_1_45' title='bbox 647 1137 689 1200; x_wconf 85' lang='grc' dir='ltr'><strong>ου’</strong></span> <span class='ocrx_word' id='word_1_46' title='bbox 711 1139 878 1219; x_wconf 77' lang='grc' dir='ltr'><strong>μερίζουσι</strong></span> <span class='ocrx_word' id='word_1_47' title='bbox 910 1133 968 1219; x_wconf 77' lang='grc' dir='ltr'>την</span> <span class='ocrx_word' id='word_1_48' title='bbox 985 1138 1063 1215; x_wconf 87' lang='grc' dir='ltr'>μιάν</span> <span class='ocrx_word' id='word_1_49' title='bbox 1084 1138 1140 1200; x_wconf 83' lang='grc' dir='ltr'>καί</span> <span class='ocrx_word' id='word_1_50' title='bbox 1156 1135 1382 1224; x_wconf 80' lang='grc' dir='ltr'>ἅπλουστᾰτην</span> 
     </span>
     <span class='ocr_line' id='line_1_7' title="bbox 282 1230 1382 1315; baseline 0.003 -18"><span class='ocrx_word' id='word_1_51' title='bbox 282 1230 396 1299; x_wconf 85' lang='grc' dir='ltr'>οῦσιἀν</span> <span class='ocrx_word' id='word_1_52' title='bbox 418 1236 475 1298; x_wconf 81' lang='grc' dir='ltr'><strong>τοῦ</strong></span> <span class='ocrx_word' id='word_1_53' title='bbox 497 1236 588 1311; x_wconf 88' lang='grc' dir='ltr'>θεοῦ,</span> <span class='ocrx_word' id='word_1_54' title='bbox 610 1231 664 1299; x_wconf 76' lang='grc' dir='ltr'><strong>διὰ</strong></span> <span class='ocrx_word' id='word_1_55' title='bbox 687 1238 779 1300; x_wconf 82' lang='grc' dir='ltr'>τοῦτο</span> <span class='ocrx_word' id='word_1_56' title='bbox 800 1232 867 1299; x_wconf 75' lang='grc' dir='ltr'><strong>ἔστι</strong></span> <span class='ocrx_word' id='word_1_57' title='bbox 890 1233 967 1310; x_wconf 79' lang='grc' dir='ltr'>θεὸς</span> <span class='ocrx_word' id='word_1_58' title='bbox 986 1236 1043 1298; x_wconf 83' lang='grc' dir='ltr'>καί</span> <span class='ocrx_word' id='word_1_59' title='bbox 1059 1232 1141 1313; x_wconf 78' lang='grc' dir='ltr'>μετὰ</span> <span class='ocrx_word' id='word_1_60' title='bbox 1161 1238 1224 1298; x_wconf 78' lang='grc' dir='ltr'>νοῦν</span> <span class='ocrx_word' id='word_1_61' title='bbox 1245 1234 1382 1315; x_wconf 78' lang='grc' dir='ltr'>ἰδιωμά-</span> 
     </span>
     <span class='ocr_line' id='line_1_8' title="bbox 281 1326 1383 1417; baseline 0.004 -20"><span class='ocrx_word' id='word_1_62' title='bbox 281 1359 346 1397; x_wconf 80' lang='grc' dir='ltr'>των</span> <span class='ocrx_word' id='word_1_63' title='bbox 368 1329 489 1397; x_wconf 77' lang='grc' dir='ltr'>τούτων</span> <span class='ocrx_word' id='word_1_64' title='bbox 525 1326 570 1411; x_wconf 82' lang='grc' dir='ltr'><strong>εἷς</strong></span> <span class='ocrx_word' id='word_1_65' title='bbox 591 1334 685 1417; x_wconf 81' lang='grc' dir='ltr'>θεός,</span> <span class='ocrx_word' id='word_1_66' title='bbox 720 1331 849 1399; x_wconf 75' lang='grc' dir='ltr'>καλοῦν</span> <span class='ocrx_word' id='word_1_67' title='bbox 877 1335 941 1398; x_wconf 86' lang='grc' dir='ltr'><strong>εἰσί</strong></span> <span class='ocrx_word' id='word_1_68' title='bbox 967 1341 1050 1416; x_wconf 80' lang='grc' dir='ltr'><strong><em>τρεῖς</em></strong></span> <span class='ocrx_word' id='word_1_69' title='bbox 1070 1333 1151 1414; x_wconf 72' lang='grc' dir='ltr'>θεοῦ,</span> <span class='ocrx_word' id='word_1_70' title='bbox 1172 1331 1280 1409; x_wconf 83' lang='grc' dir='ltr'>καθιῦς</span> <span class='ocrx_word' id='word_1_71' title='bbox 1300 1338 1383 1410; x_wconf 75' lang='grc' dir='ltr'>τινὲς</span> 
     </span>
     <span class='ocr_line' id='line_1_9' title="bbox 282 1433 923 1515; baseline -0.008 -17"><span class='ocrx_word' id='word_1_72' title='bbox 282 1437 463 1514; x_wconf 78' lang='grc' dir='ltr'>τολμῶντες</span> <span class='ocrx_word' id='word_1_73' title='bbox 484 1433 620 1515; x_wconf 80' lang='grc' dir='ltr'>λέγουσι.</span> <span class='ocrx_word' id='word_1_74' title='bbox 655 1487 656 1492; x_wconf 27' lang='lat'>1</span> <span class='ocrx_word' id='word_1_75' title='bbox 919 1457 923 1462; x_wconf 92' lang='lat'>·</span> 
     </span>
    </p>

    <p class='ocr_par' dir='ltr' id='par_1_4' title="bbox 386 1517 1463 1616">
     <span class='ocr_line' id='line_1_10' title="bbox 386 1517 1463 1616; baseline -0.003 -22"><span class='ocrx_word' id='word_1_76' title='bbox 386 1531 429 1595; x_wconf 76' lang='grc' dir='ltr'><strong>δ’.</strong></span> <span class='ocrx_word' id='word_1_77' title='bbox 469 1527 670 1613; x_wconf 84' lang='grc' dir='ltr'>Πιστεῦομιν</span> <span class='ocrx_word' id='word_1_78' title='bbox 703 1523 753 1594; x_wconf 83' lang='grc' dir='ltr'><strong>ὅτι</strong></span> <span class='ocrx_word' id='word_1_79' title='bbox 772 1531 807 1595; x_wconf 75' lang='grc' dir='ltr'><strong>ἐκ</strong></span> <span class='ocrx_word' id='word_1_80' title='bbox 826 1531 882 1612; x_wconf 71' lang='grc' dir='ltr'><strong>τῆς</strong></span> <span class='ocrx_word' id='word_1_81' title='bbox 902 1527 1030 1616; x_wconf 83' lang='grc' dir='ltr'>φῦσεως</span> <span class='ocrx_word' id='word_1_82' title='bbox 1057 1531 1113 1596; x_wconf 85' lang='grc' dir='ltr'><strong>τοῦ</strong></span> <span class='ocrx_word' id='word_1_83' title='bbox 1135 1534 1220 1609; x_wconf 80' lang='grc' dir='ltr'>ξθεοῦ</span> <span class='ocrx_word' id='word_1_84' title='bbox 1250 1529 1382 1595; x_wconf 82' lang='grc' dir='ltr'>α’νατὲλ.</span> <span class='ocrx_word' id='word_1_85' title='bbox 1459 1517 1463 1525; x_wconf 62' lang='grc'>’</span> 
     </span>
    </p>

    <p class='ocr_par' dir='ltr' id='par_1_5' title="bbox 243 1623 1386 2111">
     <span class='ocr_line' id='line_1_11' title="bbox 243 1623 1386 1717; baseline 0 -21"><span class='ocrx_word' id='word_1_86' title='bbox 243 1637 377 1698; x_wconf 72' lang='grc' dir='ltr'>λθλουσι</span> <span class='ocrx_word' id='word_1_87' title='bbox 408 1628 498 1715; x_wconf 85' lang='grc' dir='ltr'>λόγος</span> <span class='ocrx_word' id='word_1_88' title='bbox 530 1634 584 1693; x_wconf 83' lang='grc' dir='ltr'><strong><em>καί</em></strong></span> <span class='ocrx_word' id='word_1_89' title='bbox 603 1633 750 1712; x_wconf 85' lang='grc' dir='ltr'>πνεῦμα,</span> <span class='ocrx_word' id='word_1_90' title='bbox 784 1623 888 1714; x_wconf 80' lang='grc' dir='ltr'><strong>ιῦσιιερ</strong></span> <span class='ocrx_word' id='word_1_91' title='bbox 918 1628 981 1693; x_wconf 83' lang='grc' dir='ltr'><strong>αἰιό</strong></span> <span class='ocrx_word' id='word_1_92' title='bbox 1012 1633 1070 1694; x_wconf 74' lang='grc' dir='ltr'><strong>τοῦ</strong></span> <span class='ocrx_word' id='word_1_93' title='bbox 1102 1627 1204 1715; x_wconf 83' lang='grc' dir='ltr'>ιιυρῦς</span> <span class='ocrx_word' id='word_1_94' title='bbox 1233 1633 1302 1717; x_wconf 86' lang='grc' dir='ltr'>φιῦς</span> <span class='ocrx_word' id='word_1_95' title='bbox 1329 1635 1386 1696; x_wconf 84' lang='grc' dir='ltr'><strong><em>καί</em></strong></span> 
     </span>
     <span class='ocr_line' id='line_1_12' title="bbox 283 1725 1385 1815; baseline -0.001 -22"><span class='ocrx_word' id='word_1_96' title='bbox 283 1732 399 1812; x_wconf 84' lang='grc' dir='ltr'>θέρμη.</span> <span class='ocrx_word' id='word_1_97' title='bbox 460 1732 516 1793; x_wconf 77' lang='grc' dir='ltr'>ναί</span> <span class='ocrx_word' id='word_1_98' title='bbox 545 1725 689 1812; x_wconf 77' lang='grc' dir='ltr'><strong>καθάπερ</strong></span> <span class='ocrx_word' id='word_1_99' title='bbox 724 1727 761 1794; x_wconf 80' lang='lat' dir='ltr'><strong>sd</strong></span> <span class='ocrx_word' id='word_1_100' title='bbox 783 1732 871 1815; x_wconf 80' lang='grc' dir='ltr'><strong>πῦρ,</strong></span> <span class='ocrx_word' id='word_1_101' title='bbox 905 1729 961 1793; x_wconf 70' lang='grc' dir='ltr'><strong>καὶ</strong></span> <span class='ocrx_word' id='word_1_102' title='bbox 989 1731 1021 1794; x_wconf 79' lang='grc' dir='ltr'><strong>εἰ</strong></span> <span class='ocrx_word' id='word_1_103' title='bbox 1044 1726 1089 1813; x_wconf 72' lang='grc' dir='ltr'><strong>μη</strong></span> <span class='ocrx_word' id='word_1_104' title='bbox 1117 1726 1183 1794; x_wconf 81' lang='grc' dir='ltr'><strong>ἔστι</strong></span> <span class='ocrx_word' id='word_1_105' title='bbox 1208 1727 1293 1794; x_wconf 77' lang='grc' dir='ltr'><strong>σι’τὸ</strong></span> <span class='ocrx_word' id='word_1_106' title='bbox 1316 1754 1385 1815; x_wconf 82' lang='grc' dir='ltr'><strong>φα·</strong></span> 
     </span>
     <span class='ocr_line' id='line_1_13' title="bbox 283 1824 1382 1910; baseline -0.003 -16"><span class='ocrx_word' id='word_1_107' title='bbox 283 1825 449 1908; x_wconf 83' lang='grc' dir='ltr'>τιζόμενον</span> <span class='ocrx_word' id='word_1_108' title='bbox 471 1832 527 1893; x_wconf 84' lang='grc' dir='ltr'><strong><em>καί</em></strong></span> <span class='ocrx_word' id='word_1_109' title='bbox 557 1828 809 1910; x_wconf 85' lang='grc' dir='ltr'>θερμαινόμενον</span> <span class='ocrx_word' id='word_1_110' title='bbox 834 1827 887 1892; x_wconf 82' lang='lat' dir='ltr'><strong>ain&#39;</strong></span> <span class='ocrx_word' id='word_1_111' title='bbox 908 1829 1028 1910; x_wconf 82' lang='grc' dir='ltr'><strong>αῦτσῦ,</strong></span> <span class='ocrx_word' id='word_1_112' title='bbox 1049 1829 1118 1893; x_wconf 75' lang='grc' dir='ltr'>ἀλλ’</span> <span class='ocrx_word' id='word_1_113' title='bbox 1139 1824 1225 1909; x_wconf 82' lang='grc' dir='ltr'>ὅμως</span> <span class='ocrx_word' id='word_1_114' title='bbox 1248 1827 1325 1895; x_wconf 78' lang='lat' dir='ltr'><strong>urici</strong></span> <span class='ocrx_word' id='word_1_115' title='bbox 1348 1827 1382 1892; x_wconf 80' lang='grc' dir='ltr'><strong>τῦ</strong></span> 
     </span>
     <span class='ocr_line' id='line_1_14' title="bbox 284 1925 1385 2014; baseline 0.001 -23"><span class='ocrx_word' id='word_1_116' title='bbox 284 1929 350 2009; x_wconf 83' lang='grc' dir='ltr'><strong>πῦρ</strong></span> <span class='ocrx_word' id='word_1_117' title='bbox 368 1927 427 2012; x_wconf 80' lang='grc' dir='ltr'><strong>μέἰ</strong></span> <span class='ocrx_word' id='word_1_118' title='bbox 448 1925 515 2010; x_wconf 80' lang='grc' dir='ltr'>ἔχει</span> <span class='ocrx_word' id='word_1_119' title='bbox 537 1928 606 2013; x_wconf 83' lang='grc' dir='ltr'>φιῦς</span> <span class='ocrx_word' id='word_1_120' title='bbox 637 1925 694 1991; x_wconf 80' lang='grc' dir='ltr'><strong><em>καί</em></strong></span> <span class='ocrx_word' id='word_1_121' title='bbox 715 1931 821 2011; x_wconf 84' lang='grc' dir='ltr'>θέρμη</span> <span class='ocrx_word' id='word_1_122' title='bbox 848 1925 904 1991; x_wconf 78' lang='grc' dir='ltr'><strong><em>καί</em></strong></span> <span class='ocrx_word' id='word_1_123' title='bbox 931 1928 1082 2009; x_wconf 74' lang='grc' dir='ltr'>ἐκπέμπει</span> <span class='ocrx_word' id='word_1_124' title='bbox 1115 1933 1185 2014; x_wconf 80' lang='grc' dir='ltr'><strong>φῶς</strong></span> <span class='ocrx_word' id='word_1_125' title='bbox 1204 1931 1262 1992; x_wconf 77' lang='grc' dir='ltr'><strong>καί</strong></span> <span class='ocrx_word' id='word_1_126' title='bbox 1279 1930 1385 2012; x_wconf 79' lang='grc' dir='ltr'>θέρμη</span> 
     </span>
     <span class='ocr_line' id='line_1_15' title="bbox 285 2019 1386 2111; baseline -0.004 -20"><span class='ocrx_word' id='word_1_127' title='bbox 285 2026 376 2110; x_wconf 75' lang='grc' dir='ltr'>ἡμῖν,</span> <span class='ocrx_word' id='word_1_128' title='bbox 397 2019 481 2090; x_wconf 83' lang='lat' dir='ltr'><strong>oi&#39;rm</strong></span> <span class='ocrx_word' id='word_1_129' title='bbox 505 2028 562 2090; x_wconf 77' lang='grc' dir='ltr'><strong>καὶ</strong></span> <span class='ocrx_word' id='word_1_130' title='bbox 580 2024 641 2109; x_wconf 78' lang='grc' dir='ltr'><strong>πρὸ</strong></span> <span class='ocrx_word' id='word_1_131' title='bbox 667 2029 726 2089; x_wconf 82' lang='grc' dir='ltr'><strong>τοῦ</strong></span> <span class='ocrx_word' id='word_1_132' title='bbox 744 2027 1022 2111; x_wconf 71' lang='grc' dir='ltr'><strong>δημιουργηθῆναι</strong></span> <span class='ocrx_word' id='word_1_133' title='bbox 1053 2024 1109 2091; x_wconf 85' lang='grc' dir='ltr'>τόν</span> <span class='ocrx_word' id='word_1_134' title='bbox 1128 2030 1247 2107; x_wconf 83' lang='grc' dir='ltr'>κόσμον</span> <span class='ocrx_word' id='word_1_135' title='bbox 1268 2019 1386 2110; x_wconf 75' lang='grc' dir='ltr'>η’σανῦ</span> 
     </span>
    </p>

    <p class='ocr_par' dir='ltr' id='par_1_6' title="bbox 248 2121 1429 2411">
     <span class='ocr_line' id='line_1_16' title="bbox 248 2121 1429 2211; baseline 0.002 -26"><span class='ocrx_word' id='word_1_136' title='bbox 248 2125 377 2208; x_wconf 75' lang='grc' dir='ltr'>λολόγος</span> <span class='ocrx_word' id='word_1_137' title='bbox 395 2121 449 2188; x_wconf 79' lang='grc' dir='ltr'><strong>καὶ</strong></span> <span class='ocrx_word' id='word_1_138' title='bbox 469 2122 503 2188; x_wconf 83' lang='lat' dir='ltr'><strong>sd</strong></span> <span class='ocrx_word' id='word_1_139' title='bbox 527 2126 675 2207; x_wconf 81' lang='grc' dir='ltr'>πνεῦμα,</span> <span class='ocrx_word' id='word_1_140' title='bbox 705 2124 859 2208; x_wconf 82' lang='grc' dir='ltr'>ἑνεργιῖαι</span> <span class='ocrx_word' id='word_1_141' title='bbox 891 2128 947 2190; x_wconf 80' lang='grc' dir='ltr'><strong>τοῦ</strong></span> <span class='ocrx_word' id='word_1_142' title='bbox 970 2125 1049 2188; x_wconf 87' lang='grc' dir='ltr'>θεοῦ</span> <span class='ocrx_word' id='word_1_143' title='bbox 1070 2128 1217 2211; x_wconf 67' lang='grc' dir='ltr'><strong>φυσικαί,</strong></span> <span class='ocrx_word' id='word_1_144' title='bbox 1238 2123 1386 2210; x_wconf 62' lang='lat' dir='ltr'><strong>israeitici</strong></span> <span class='ocrx_word' id='word_1_145' title='bbox 1426 2157 1429 2160; x_wconf 88' lang='grc'><em>·</em></span> 
     </span>
     <span class='ocr_line' id='line_1_17' title="bbox 284 2221 1385 2309; baseline -0.001 -22"><span class='ocrx_word' id='word_1_146' title='bbox 284 2221 366 2299; x_wconf 77' lang='grc' dir='ltr'>θεὸς</span> <span class='ocrx_word' id='word_1_147' title='bbox 387 2225 460 2298; x_wconf 88' lang='grc' dir='ltr'>νοῦς</span> <span class='ocrx_word' id='word_1_148' title='bbox 482 2225 585 2303; x_wconf 79' lang='grc' dir='ltr'>ἐστίν,</span> <span class='ocrx_word' id='word_1_149' title='bbox 614 2221 656 2297; x_wconf 83' lang='grc' dir='ltr'><strong>ὥς</strong></span> <span class='ocrx_word' id='word_1_150' title='bbox 683 2225 878 2309; x_wconf 78' lang='grc' dir='ltr'><strong>προείρηται.</strong></span> <span class='ocrx_word' id='word_1_151' title='bbox 929 2227 986 2288; x_wconf 75' lang='grc' dir='ltr'><strong><em>καί</em></strong></span> <span class='ocrx_word' id='word_1_152' title='bbox 1012 2230 1113 2290; x_wconf 82' lang='grc' dir='ltr'>ταῦτα</span> <span class='ocrx_word' id='word_1_153' title='bbox 1145 2223 1183 2289; x_wconf 80' lang='lat' dir='ltr'><strong>cd</strong></span> <span class='ocrx_word' id='word_1_154' title='bbox 1205 2228 1290 2308; x_wconf 81' lang='grc' dir='ltr'><strong>τριά,</strong></span> <span class='ocrx_word' id='word_1_155' title='bbox 1311 2226 1385 2298; x_wconf 88' lang='grc' dir='ltr'>νοῦς</span> 
     </span>
     <span class='ocr_line' id='line_1_18' title="bbox 286 2316 1387 2411; baseline 0.002 -25"><span class='ocrx_word' id='word_1_156' title='bbox 286 2321 377 2405; x_wconf 75' lang='grc' dir='ltr'>λόγος</span> <span class='ocrx_word' id='word_1_157' title='bbox 396 2321 451 2386; x_wconf 79' lang='lat' dir='ltr'><strong>uui</strong></span> <span class='ocrx_word' id='word_1_158' title='bbox 472 2325 609 2406; x_wconf 82' lang='grc' dir='ltr'>πνεῦμα,</span> <span class='ocrx_word' id='word_1_159' title='bbox 631 2316 677 2397; x_wconf 82' lang='grc' dir='ltr'><strong>εἷς</strong></span> <span class='ocrx_word' id='word_1_160' title='bbox 696 2321 771 2397; x_wconf 85' lang='grc' dir='ltr'>θεός</span> <span class='ocrx_word' id='word_1_161' title='bbox 785 2325 879 2408; x_wconf 75' lang='grc' dir='ltr'>ἐστιν,</span> <span class='ocrx_word' id='word_1_162' title='bbox 897 2320 1004 2409; x_wconf 76' lang='grc' dir='ltr'><strong>ὥσπερ</strong></span> <span class='ocrx_word' id='word_1_163' title='bbox 1026 2322 1060 2388; x_wconf 81' lang='grc' dir='ltr'>ἑν</span> <span class='ocrx_word' id='word_1_164' title='bbox 1080 2326 1117 2411; x_wconf 78' lang='grc' dir='ltr'><strong>τῇ</strong></span> <span class='ocrx_word' id='word_1_165' title='bbox 1133 2325 1196 2410; x_wconf 79' lang='grc' dir='ltr'><strong>μιᾷ</strong></span> <span class='ocrx_word' id='word_1_166' title='bbox 1216 2327 1309 2411; x_wconf 75' lang='grc' dir='ltr'>ψυχῇ</span> <span class='ocrx_word' id='word_1_167' title='bbox 1328 2327 1387 2388; x_wconf 85' lang='grc' dir='ltr'><strong>τοῦ</strong></span> 
     </span>
    </p>

    <p class='ocr_par' dir='ltr' id='par_1_7' title="bbox 219 2417 1391 2606">
     <span class='ocr_line' id='line_1_19' title="bbox 219 2417 1391 2508; baseline -0.005 -18"><span class='ocrx_word' id='word_1_168' title='bbox 219 2486 221 2490; x_wconf 86' lang='grc'><em>,</em></span> <span class='ocrx_word' id='word_1_169' title='bbox 287 2422 464 2504; x_wconf 71' lang='grc' dir='ltr'>ἀνθρώπου</span> <span class='ocrx_word' id='word_1_170' title='bbox 489 2417 558 2484; x_wconf 80' lang='grc' dir='ltr'><strong>ἔστι</strong></span> <span class='ocrx_word' id='word_1_171' title='bbox 578 2422 653 2494; x_wconf 91' lang='grc' dir='ltr'>νοῦς</span> <span class='ocrx_word' id='word_1_172' title='bbox 675 2419 730 2485; x_wconf 84' lang='grc' dir='ltr'><strong><em>καί</em></strong></span> <span class='ocrx_word' id='word_1_173' title='bbox 749 2418 969 2508; x_wconf 80' lang='grc' dir='ltr'>λόγοςνοηιὸς</span> <span class='ocrx_word' id='word_1_174' title='bbox 988 2425 1044 2488; x_wconf 84' lang='grc' dir='ltr'><strong><em>καί</em></strong></span> <span class='ocrx_word' id='word_1_175' title='bbox 1056 2426 1187 2507; x_wconf 85' lang='grc' dir='ltr'>θέλησις</span> <span class='ocrx_word' id='word_1_176' title='bbox 1205 2420 1311 2507; x_wconf 70' lang='grc' dir='ltr'>νοητή,</span> <span class='ocrx_word' id='word_1_177' title='bbox 1335 2425 1391 2485; x_wconf 71' lang='grc' dir='ltr'>και·</span> 
     </span>
     <span class='ocr_line' id='line_1_20' title="bbox 287 2509 1390 2606; baseline -0.002 -22"><span class='ocrx_word' id='word_1_178' title='bbox 287 2514 374 2600; x_wconf 81' lang='grc' dir='ltr'>ὅμως</span> <span class='ocrx_word' id='word_1_179' title='bbox 395 2519 495 2582; x_wconf 84' lang='grc' dir='ltr'>ταῦτα</span> <span class='ocrx_word' id='word_1_180' title='bbox 519 2516 559 2581; x_wconf 84' lang='grc' dir='ltr'><strong>τοὶ</strong></span> <span class='ocrx_word' id='word_1_181' title='bbox 578 2521 651 2602; x_wconf 77' lang='grc' dir='ltr'><strong>τρία</strong></span> <span class='ocrx_word' id='word_1_182' title='bbox 674 2517 738 2583; x_wconf 81' lang='grc' dir='ltr'><strong>εἰσί</strong></span> <span class='ocrx_word' id='word_1_183' title='bbox 757 2517 818 2600; x_wconf 74' lang='grc' dir='ltr'><strong>μία</strong></span> <span class='ocrx_word' id='word_1_184' title='bbox 843 2518 934 2606; x_wconf 65' lang='grc' dir='ltr'>ψυχὴ</span> <span class='ocrx_word' id='word_1_185' title='bbox 966 2520 1046 2586; x_wconf 80' lang='grc' dir='ltr'><strong>κατὰ</strong></span> <span class='ocrx_word' id='word_1_186' title='bbox 1078 2519 1133 2606; x_wconf 76' lang='grc' dir='ltr'>την</span> <span class='ocrx_word' id='word_1_187' title='bbox 1162 2522 1286 2584; x_wconf 68' lang='grc' dir='ltr'>οὐσίαν.</span> <span class='ocrx_word' id='word_1_188' title='bbox 1328 2509 1390 2583; x_wconf 55' lang='grc' dir='ltr'><strong>πάξ</strong></span> 
     </span>
    </p>

    <p class='ocr_par' dir='ltr' id='par_1_8' title="bbox 249 2612 1389 2705">
     <span class='ocr_line' id='line_1_21' title="bbox 249 2612 1389 2705; baseline -0.005 -22"><span class='ocrx_word' id='word_1_189' title='bbox 249 2629 280 2685; x_wconf 79' lang='lat'><strong>20</strong></span> <span class='ocrx_word' id='word_1_190' title='bbox 290 2623 339 2682; x_wconf 89' lang='grc' dir='ltr'>λιν</span> <span class='ocrx_word' id='word_1_191' title='bbox 363 2612 418 2681; x_wconf 83' lang='grc' dir='ltr'>τὸν</span> <span class='ocrx_word' id='word_1_192' title='bbox 438 2616 532 2700; x_wconf 85' lang='grc' dir='ltr'>λόγον</span> <span class='ocrx_word' id='word_1_193' title='bbox 552 2619 612 2681; x_wconf 82' lang='grc' dir='ltr'><strong>τοῦ</strong></span> <span class='ocrx_word' id='word_1_194' title='bbox 623 2619 703 2681; x_wconf 85' lang='grc' dir='ltr'>θεοῦ</span> <span class='ocrx_word' id='word_1_195' title='bbox 726 2615 926 2698; x_wconf 78' lang='grc' dir='ltr'>ὀνομάζομεν</span> <span class='ocrx_word' id='word_1_196' title='bbox 945 2622 1063 2705; x_wconf 86' lang='grc' dir='ltr'>σοφιάν</span> <span class='ocrx_word' id='word_1_197' title='bbox 1082 2622 1241 2689; x_wconf 62' lang='lat' dir='ltr'><strong>roduam</strong></span> <span class='ocrx_word' id='word_1_198' title='bbox 1255 2619 1311 2682; x_wconf 80' lang='grc' dir='ltr'><strong><em>καί</em></strong></span> <span class='ocrx_word' id='word_1_199' title='bbox 1329 2617 1389 2682; x_wconf 79' lang='grc' dir='ltr'><strong>δυ’.</strong></span> 
     </span>
    </p>
   </div>
   <div class='ocr_carea' id='block_1_3' title="bbox 289 2712 1411 2905">
    <p class='ocr_par' dir='ltr' id='par_1_9' title="bbox 289 2712 1411 2905">
     <span class='ocr_line' id='line_1_22' title="bbox 289 2712 1390 2803; baseline -0.002 -23"><span class='ocrx_word' id='word_1_200' title='bbox 289 2740 396 2797; x_wconf 88' lang='grc' dir='ltr'>ναμιν,</span> <span class='ocrx_word' id='word_1_201' title='bbox 416 2715 471 2779; x_wconf 77' lang='grc' dir='ltr'><strong>καὶ</strong></span> <span class='ocrx_word' id='word_1_202' title='bbox 492 2712 564 2780; x_wconf 84' lang='grc' dir='ltr'>υὶὸν</span> <span class='ocrx_word' id='word_1_203' title='bbox 595 2716 712 2797; x_wconf 83' lang='grc' dir='ltr'>αυίοῦ,</span> <span class='ocrx_word' id='word_1_204' title='bbox 736 2714 819 2780; x_wconf 74' lang='grc' dir='ltr'>διότι</span> <span class='ocrx_word' id='word_1_205' title='bbox 849 2716 920 2782; x_wconf 75' lang='grc' dir='ltr'><strong>ἐστι’</strong></span> <span class='ocrx_word' id='word_1_206' title='bbox 938 2719 1076 2802; x_wconf 77' lang='grc' dir='ltr'>γέννημα</span> <span class='ocrx_word' id='word_1_207' title='bbox 1106 2718 1162 2802; x_wconf 78' lang='grc' dir='ltr'><strong>τῆς</strong></span> <span class='ocrx_word' id='word_1_208' title='bbox 1183 2715 1312 2803; x_wconf 80' lang='grc' dir='ltr'><strong>φύσεως</strong></span> <span class='ocrx_word' id='word_1_209' title='bbox 1329 2716 1390 2779; x_wconf 82' lang='lat' dir='ltr'><strong>uai-</strong></span> 
     </span>
     <span class='ocr_line' id='line_1_23' title="bbox 290 2810 1411 2905; baseline 0.002 -27"><span class='ocrx_word' id='word_1_210' title='bbox 290 2818 356 2899; x_wconf 84' lang='grc' dir='ltr'><strong>τοῦ,</strong></span> <span class='ocrx_word' id='word_1_211' title='bbox 377 2810 484 2899; x_wconf 69' lang='grc' dir='ltr'><strong>ὥσπερ</strong></span> <span class='ocrx_word' id='word_1_212' title='bbox 509 2814 549 2891; x_wconf 68' lang='grc' dir='ltr'><strong>,τὸ</strong></span> <span class='ocrx_word' id='word_1_213' title='bbox 568 2819 705 2901; x_wconf 74' lang='grc' dir='ltr'>γέννημα</span> <span class='ocrx_word' id='word_1_214' title='bbox 728 2818 783 2901; x_wconf 75' lang='grc' dir='ltr'><strong>τῆς</strong></span> <span class='ocrx_word' id='word_1_215' title='bbox 809 2814 939 2905; x_wconf 63' lang='lat' dir='ltr'><strong>pilosus</strong></span> <span class='ocrx_word' id='word_1_216' title='bbox 957 2818 1016 2880; x_wconf 81' lang='grc' dir='ltr'><strong>τοῦ</strong></span> <span class='ocrx_word' id='word_1_217' title='bbox 1037 2813 1210 2901; x_wconf 73' lang='grc' dir='ltr'>ἀνθρώπου</span> <span class='ocrx_word' id='word_1_218' title='bbox 1232 2818 1411 2897; x_wconf 82' lang='grc' dir='ltr'>καλοῦμεν</span> 
     </span>
    </p>
   </div>
   <div class='ocr_carea' id='block_1_4' title="bbox 364 2946 831 3022">
    <p class='ocr_par' dir='ltr' id='par_1_10' title="bbox 364 2946 831 3022">
     <span class='ocr_line' id='line_1_24' title="bbox 364 2946 831 3022; baseline 0.013 -24"><span class='ocrx_word' id='word_1_219' title='bbox 364 2948 406 3000; x_wconf 88' lang='grc'><strong>13.</strong></span> <span class='ocrx_word' id='word_1_220' title='bbox 422 2951 513 3021; x_wconf 75' lang='grc' dir='ltr'>θέρμη</span> <span class='ocrx_word' id='word_1_221' title='bbox 535 2946 664 3022; x_wconf 82' lang='lat' dir='ltr'><strong>primum]</strong></span> <span class='ocrx_word' id='word_1_222' title='bbox 685 2952 795 3021; x_wconf 59' lang='lat' dir='ltr'><strong>usupra</strong></span> <span class='ocrx_word' id='word_1_223' title='bbox 811 2950 831 3003; x_wconf 84' lang='lat' dir='ltr'><strong>P</strong></span> 
     </span>
    </p>
   </div>
   <div class='ocr_carea' id='block_1_5' title="bbox 291 3068 1465 3490">
    <p class='ocr_par' dir='ltr' id='par_1_11' title="bbox 291 3068 1465 3490">
     <span class='ocr_line' id='line_1_25' title="bbox 291 3068 1390 3141; baseline 0.004 -22"><span class='ocrx_word' id='word_1_224' title='bbox 291 3068 364 3121; x_wconf 88' lang='lat' dir='ltr'><strong>ditus</strong></span> <span class='ocrx_word' id='word_1_225' title='bbox 383 3068 416 3118; x_wconf 91' lang='lat' dir='ltr'><strong>ab</strong></span> <span class='ocrx_word' id='word_1_226' title='bbox 437 3070 496 3141; x_wconf 87' lang='lat' dir='ltr'><strong>ipso</strong></span> <span class='ocrx_word' id='word_1_227' title='bbox 515 3068 630 3121; x_wconf 83' lang='lat' dir='ltr'><strong>mundus</strong></span> <span class='ocrx_word' id='word_1_228' title='bbox 658 3076 749 3136; x_wconf 77' lang='lat' dir='ltr'><strong>esset3</strong></span> <span class='ocrx_word' id='word_1_229' title='bbox 777 3078 805 3121; x_wconf 84' lang='lat' dir='ltr'><strong>st</strong></span> <span class='ocrx_word' id='word_1_230' title='bbox 822 3085 871 3141; x_wconf 80' lang='lat' dir='ltr'><strong>per</strong></span> <span class='ocrx_word' id='word_1_231' title='bbox 898 3069 946 3121; x_wconf 85' lang='lat' dir='ltr'><strong>has</strong></span> <span class='ocrx_word' id='word_1_232' title='bbox 965 3072 1147 3141; x_wconf 73' lang='lat' dir='ltr'><strong>proprietates</strong></span> <span class='ocrx_word' id='word_1_233' title='bbox 1165 3069 1290 3122; x_wconf 79' lang='lat' dir='ltr'><strong>condidit</strong></span> <span class='ocrx_word' id='word_1_234' title='bbox 1309 3088 1390 3123; x_wconf 90' lang='lat' dir='ltr'><strong>mun-</strong></span> 
     </span>
     <span class='ocr_line' id='line_1_26' title="bbox 292 3138 1391 3213; baseline 0.003 -23"><span class='ocrx_word' id='word_1_235' title='bbox 292 3139 369 3205; x_wconf 76' lang='lat' dir='ltr'><strong>dum3</strong></span> <span class='ocrx_word' id='word_1_236' title='bbox 402 3138 445 3191; x_wconf 88' lang='lat' dir='ltr'><strong>his</strong></span> <span class='ocrx_word' id='word_1_237' title='bbox 469 3156 579 3210; x_wconf 81' lang='lat' dir='ltr'><strong>quoque</strong></span> <span class='ocrx_word' id='word_1_238' title='bbox 607 3139 741 3207; x_wconf 77' lang='lat' dir='ltr'>gubernat</span> <span class='ocrx_word' id='word_1_239' title='bbox 760 3157 832 3192; x_wconf 84' lang='lat' dir='ltr'><strong>cum.</strong></span> <span class='ocrx_word' id='word_1_240' title='bbox 868 3140 916 3192; x_wconf 78' lang='lat' dir='ltr'><strong>has</strong></span> <span class='ocrx_word' id='word_1_241' title='bbox 936 3149 990 3193; x_wconf 84' lang='lat' dir='ltr'><strong>tres</strong></span> <span class='ocrx_word' id='word_1_242' title='bbox 1020 3144 1202 3213; x_wconf 78' lang='lat' dir='ltr'><strong>proprietates</strong></span> <span class='ocrx_word' id='word_1_243' title='bbox 1219 3143 1391 3194; x_wconf 86' lang='lat' dir='ltr'><strong>nominamus</strong></span> 
     </span>
     <span class='ocr_line' id='line_1_27' title="bbox 292 3210 1392 3284; baseline 0.002 -22"><span class='ocrx_word' id='word_1_244' title='bbox 292 3218 346 3262; x_wconf 79' lang='lat' dir='ltr'><strong>tras</strong></span> <span class='ocrx_word' id='word_1_245' title='bbox 365 3210 523 3280; x_wconf 76' lang='lat' dir='ltr'><strong>hypostases</strong></span> <span class='ocrx_word' id='word_1_246' title='bbox 543 3227 591 3262; x_wconf 88' lang='lat' dir='ltr'><strong>seu</strong></span> <span class='ocrx_word' id='word_1_247' title='bbox 610 3226 753 3278; x_wconf 53' lang='lat' dir='ltr'><strong>personam</strong></span> <span class='ocrx_word' id='word_1_248' title='bbox 785 3212 850 3281; x_wconf 88' lang='lat' dir='ltr'><strong>quia</strong></span> <span class='ocrx_word' id='word_1_249' title='bbox 870 3227 934 3263; x_wconf 79' lang='lat' dir='ltr'><strong>vcro</strong></span> <span class='ocrx_word' id='word_1_250' title='bbox 963 3210 1015 3263; x_wconf 82' lang='lat' dir='ltr'><strong>hac</strong></span> <span class='ocrx_word' id='word_1_251' title='bbox 1037 3214 1112 3283; x_wconf 76' lang='lat' dir='ltr'><strong>ipsae</strong></span> <span class='ocrx_word' id='word_1_252' title='bbox 1133 3215 1315 3284; x_wconf 76' lang='lat' dir='ltr'><strong>proprietates</strong></span> <span class='ocrx_word' id='word_1_253' title='bbox 1336 3229 1392 3264; x_wconf 92' lang='lat' dir='ltr'><strong>non</strong></span> 
     </span>
     <span class='ocr_line' id='line_1_28' title="bbox 292 3280 1392 3351; baseline 0.001 -20"><span class='ocrx_word' id='word_1_254' title='bbox 292 3281 446 3349; x_wconf 84' lang='lat' dir='ltr'><strong>partiuntur</strong></span> <span class='ocrx_word' id='word_1_255' title='bbox 464 3281 569 3331; x_wconf 78' lang='lat' dir='ltr'><strong>tunicam</strong></span> <span class='ocrx_word' id='word_1_256' title='bbox 600 3280 674 3330; x_wconf 88' lang='lat' dir='ltr'><strong>illam</strong></span> <span class='ocrx_word' id='word_1_257' title='bbox 696 3288 723 3331; x_wconf 86' lang='lat' dir='ltr'><strong>et</strong></span> <span class='ocrx_word' id='word_1_258' title='bbox 740 3281 966 3350; x_wconf 71' lang='lat' dir='ltr'><strong>simplicissimam</strong></span> <span class='ocrx_word' id='word_1_259' title='bbox 989 3281 1035 3334; x_wconf 83' lang='lat' dir='ltr'><strong>dci</strong></span> <span class='ocrx_word' id='word_1_260' title='bbox 1062 3284 1223 3347; x_wconf 80' lang='lat' dir='ltr'><strong>essentiam,</strong></span> <span class='ocrx_word' id='word_1_261' title='bbox 1242 3282 1305 3335; x_wconf 83' lang='lat' dir='ltr'><strong>idco</strong></span> <span class='ocrx_word' id='word_1_262' title='bbox 1325 3283 1392 3351; x_wconf 80' lang='lat' dir='ltr'><strong>ipsc,</strong></span> 
     </span>
     <span class='ocr_line' id='line_1_29' title="bbox 292 3349 1465 3422; baseline 0.001 -22"><span class='ocrx_word' id='word_1_263' title='bbox 292 3352 359 3403; x_wconf 79' lang='lat' dir='ltr'><strong>licet</strong></span> <span class='ocrx_word' id='word_1_264' title='bbox 377 3351 462 3403; x_wconf 84' lang='lat' dir='ltr'><strong>tribus</strong></span> <span class='ocrx_word' id='word_1_265' title='bbox 488 3350 530 3401; x_wconf 85' lang='lat' dir='ltr'><strong>his</strong></span> <span class='ocrx_word' id='word_1_266' title='bbox 557 3349 771 3422; x_wconf 80' lang='lat' dir='ltr'><strong>proprietatibus</strong></span> <span class='ocrx_word' id='word_1_267' title='bbox 790 3350 946 3419; x_wconf 79' lang='lat' dir='ltr'><strong>praeditus,</strong></span> <span class='ocrx_word' id='word_1_268' title='bbox 975 3353 1209 3408; x_wconf 84' lang='lat' dir='ltr'><strong>nnnsdeussst:</strong></span> <span class='ocrx_word' id='word_1_269' title='bbox 1229 3361 1392 3405; x_wconf 80' lang='lat' dir='ltr'><strong>nouantem</strong></span> <span class='ocrx_word' id='word_1_270' title='bbox 1461 3356 1465 3362; x_wconf 87' lang='lat'>&#39;</span> 
     </span>
     <span class='ocr_line' id='line_1_30' title="bbox 293 3419 1039 3490; baseline 0.003 -18"><span class='ocrx_word' id='word_1_271' title='bbox 293 3430 347 3473; x_wconf 83' lang='lat' dir='ltr'><strong>tres</strong></span> <span class='ocrx_word' id='word_1_272' title='bbox 368 3420 407 3472; x_wconf 92' lang='lat' dir='ltr'><strong>dii</strong></span> <span class='ocrx_word' id='word_1_273' title='bbox 425 3429 497 3483; x_wconf 79' lang='lat' dir='ltr'><strong>sunt,</strong></span> <span class='ocrx_word' id='word_1_274' title='bbox 517 3420 588 3471; x_wconf 84' lang='lat' dir='ltr'><strong>sicut</strong></span> <span class='ocrx_word' id='word_1_275' title='bbox 606 3420 716 3490; x_wconf 86' lang='lat' dir='ltr'><strong>quidam</strong></span> <span class='ocrx_word' id='word_1_276' title='bbox 734 3419 825 3473; x_wconf 85' lang='lat' dir='ltr'><strong>diuers</strong></span> <span class='ocrx_word' id='word_1_277' title='bbox 843 3421 956 3475; x_wconf 84' lang='lat' dir='ltr'><strong>audent.</strong></span> <span class='ocrx_word' id='word_1_278' title='bbox 1036 3483 1039 3487; x_wconf 15' lang='lat' dir='ltr'><em>A</em></span> 
     </span>
    </p>
   </div>
   <div class='ocr_carea' id='block_1_6' title="bbox 497 3506 873 3579">
    <p class='ocr_par' dir='ltr' id='par_1_12' title="bbox 497 3506 873 3579">
     <span class='ocr_line' id='line_1_31' title="bbox 497 3506 873 3579; baseline 0.005 -21"><span class='ocrx_word' id='word_1_279' title='bbox 497 3506 631 3559; x_wconf 73' lang='lat' dir='ltr'><strong>Hactenus</strong></span> <span class='ocrx_word' id='word_1_280' title='bbox 653 3508 762 3560; x_wconf 84' lang='lat' dir='ltr'><strong>tertium</strong></span> <span class='ocrx_word' id='word_1_281' title='bbox 782 3516 873 3579; x_wconf 86' lang='lat' dir='ltr'><strong>capnt.</strong></span> 
     </span>
    </p>
   </div>
   <div class='ocr_carea' id='block_1_7' title="bbox 257 3591 1492 4509">
    <p class='ocr_par' dir='ltr' id='par_1_13' title="bbox 278 3591 1394 4083">
     <span class='ocr_line' id='line_1_32' title="bbox 376 3591 1392 3661; baseline -0.004 -18"><span class='ocrx_word' id='word_1_282' title='bbox 376 3592 515 3645; x_wconf 74' lang='lat' dir='ltr'><strong>Credimus</strong></span> <span class='ocrx_word' id='word_1_283' title='bbox 541 3610 575 3647; x_wconf 76' lang='lat' dir='ltr'><strong>cx</strong></span> <span class='ocrx_word' id='word_1_284' title='bbox 598 3602 695 3647; x_wconf 84' lang='lat' dir='ltr'><strong>natura</strong></span> <span class='ocrx_word' id='word_1_285' title='bbox 713 3594 756 3646; x_wconf 83' lang='lat' dir='ltr'><strong>dci</strong></span> <span class='ocrx_word' id='word_1_286' title='bbox 783 3596 847 3646; x_wconf 87' lang='lat' dir='ltr'><strong>oriri</strong></span> <span class='ocrx_word' id='word_1_287' title='bbox 873 3596 963 3661; x_wconf 85' lang='lat' dir='ltr'><strong>logum</strong></span> <span class='ocrx_word' id='word_1_288' title='bbox 988 3610 1036 3646; x_wconf 79' lang='lat' dir='ltr'><strong>scu</strong></span> <span class='ocrx_word' id='word_1_289' title='bbox 1062 3592 1173 3645; x_wconf 84' lang='lat' dir='ltr'><strong>verbum</strong></span> <span class='ocrx_word' id='word_1_290' title='bbox 1201 3599 1229 3643; x_wconf 83' lang='lat' dir='ltr'><strong>et</strong></span> <span class='ocrx_word' id='word_1_291' title='bbox 1258 3591 1392 3661; x_wconf 79' lang='lat' dir='ltr'><strong>spiritum,</strong></span> 
     </span>
     <span class='ocr_line' id='line_1_33' title="bbox 294 3660 1393 3734; baseline -0.005 -17"><span class='ocrx_word' id='word_1_292' title='bbox 294 3668 364 3717; x_wconf 90' lang='lat' dir='ltr'><strong>sicut</strong></span> <span class='ocrx_word' id='word_1_293' title='bbox 383 3682 416 3715; x_wconf 82' lang='grc' dir='ltr'><strong>ει</strong></span> <span class='ocrx_word' id='word_1_294' title='bbox 434 3665 495 3731; x_wconf 80' lang='lat' dir='ltr'><strong>igne</strong></span> <span class='ocrx_word' id='word_1_295' title='bbox 514 3664 561 3715; x_wconf 87' lang='lat' dir='ltr'><strong>lux</strong></span> <span class='ocrx_word' id='word_1_296' title='bbox 579 3673 607 3717; x_wconf 87' lang='lat' dir='ltr'><strong>ct</strong></span> <span class='ocrx_word' id='word_1_297' title='bbox 624 3664 748 3718; x_wconf 71' lang='lat' dir='ltr'><strong>caliditas</strong></span> <span class='ocrx_word' id='word_1_298' title='bbox 768 3666 866 3717; x_wconf 77' lang='lat' dir='ltr'><strong>existit.</strong></span> <span class='ocrx_word' id='word_1_299' title='bbox 896 3672 924 3716; x_wconf 81' lang='lat' dir='ltr'><strong>et</strong></span> <span class='ocrx_word' id='word_1_300' title='bbox 941 3662 1168 3734; x_wconf 77' lang='lat' dir='ltr'><strong>quamadmodum</strong></span> <span class='ocrx_word' id='word_1_301' title='bbox 1187 3662 1267 3730; x_wconf 82' lang='lat' dir='ltr'><strong>iguis,</strong></span> <span class='ocrx_word' id='word_1_302' title='bbox 1287 3660 1393 3712; x_wconf 82' lang='lat' dir='ltr'><strong>etiamsi</strong></span> 
     </span>
     <span class='ocr_line' id='line_1_34' title="bbox 295 3733 1393 3803; baseline -0.006 -15"><span class='ocrx_word' id='word_1_303' title='bbox 295 3735 364 3788; x_wconf 88' lang='lat' dir='ltr'><strong>nihil</strong></span> <span class='ocrx_word' id='word_1_304' title='bbox 386 3735 546 3787; x_wconf 86' lang='lat' dir='ltr'><strong>subiiciatur</strong></span> <span class='ocrx_word' id='word_1_305' title='bbox 590 3734 644 3787; x_wconf 91' lang='lat' dir='ltr'><strong>uod</strong></span> <span class='ocrx_word' id='word_1_306' title='bbox 662 3736 814 3789; x_wconf 79' lang='lat' dir='ltr'><strong>illustretur</strong></span> <span class='ocrx_word' id='word_1_307' title='bbox 832 3744 861 3787; x_wconf 84' lang='lat' dir='ltr'><strong>et</strong></span> <span class='ocrx_word' id='word_1_308' title='bbox 878 3735 986 3786; x_wconf 87' lang='lat' dir='ltr'><strong>calsliat</strong></span> <span class='ocrx_word' id='word_1_309' title='bbox 1011 3733 1046 3784; x_wconf 87' lang='lat' dir='ltr'><strong>ab</strong></span> <span class='ocrx_word' id='word_1_310' title='bbox 1068 3734 1138 3803; x_wconf 83' lang='lat' dir='ltr'><strong>ipso,</strong></span> <span class='ocrx_word' id='word_1_311' title='bbox 1157 3742 1248 3784; x_wconf 80' lang='lat' dir='ltr'><strong>tamen</strong></span> <span class='ocrx_word' id='word_1_312' title='bbox 1267 3733 1325 3802; x_wconf 79' lang='lat' dir='ltr'><strong>ipss</strong></span> <span class='ocrx_word' id='word_1_313' title='bbox 1345 3747 1393 3799; x_wconf 81' lang='lat' dir='ltr'><strong>per</strong></span> 
     </span>
     <span class='ocr_line' id='line_1_35' title="bbox 296 3751 1393 3875; baseline -0.007 -16"><span class='ocrx_word' id='word_1_314' title='bbox 296 3825 323 3859; x_wconf 77' lang='lat' dir='ltr'><strong>su</strong></span> <span class='ocrx_word' id='word_1_315' title='bbox 344 3820 452 3875; x_wconf 81' lang='lat' dir='ltr'><strong>sempor</strong></span> <span class='ocrx_word' id='word_1_316' title='bbox 473 3805 555 3857; x_wconf 86' lang='lat' dir='ltr'><strong>habet</strong></span> <span class='ocrx_word' id='word_1_317' title='bbox 569 3751 661 3857; x_wconf 84' lang='lat' dir='ltr'><strong>lucem</strong></span> <span class='ocrx_word' id='word_1_318' title='bbox 680 3814 708 3857; x_wconf 85' lang='lat' dir='ltr'><strong>et</strong></span> <span class='ocrx_word' id='word_1_319' title='bbox 728 3805 911 3868; x_wconf 81' lang='lat' dir='ltr'><strong>caliditatem,</strong></span> <span class='ocrx_word' id='word_1_320' title='bbox 932 3812 960 3857; x_wconf 86' lang='lat' dir='ltr'><strong>ct</strong></span> <span class='ocrx_word' id='word_1_321' title='bbox 977 3803 1044 3856; x_wconf 79' lang='lat' dir='ltr'><strong>hacc</strong></span> <span class='ocrx_word' id='word_1_322' title='bbox 1063 3803 1142 3855; x_wconf 87' lang='lat' dir='ltr'><strong>ambo</strong></span> <span class='ocrx_word' id='word_1_323' title='bbox 1163 3802 1263 3853; x_wconf 85' lang='lat' dir='ltr'><strong>emittit</strong></span> <span class='ocrx_word' id='word_1_324' title='bbox 1281 3800 1316 3853; x_wconf 91' lang='lat' dir='ltr'><strong>ad</strong></span> <span class='ocrx_word' id='word_1_325' title='bbox 1332 3817 1393 3862; x_wconf 85' lang='lat' dir='ltr'><strong>nos,</strong></span> 
     </span>
     <span class='ocr_line' id='line_1_36' title="bbox 278 3874 1394 3947; baseline -0.005 -19"><span class='ocrx_word' id='word_1_326' title='bbox 278 3878 392 3945; x_wconf 16' lang='lat' dir='ltr'><strong>leodem</strong></span> <span class='ocrx_word' id='word_1_327' title='bbox 413 3876 511 3939; x_wconf 78' lang='lat' dir='ltr'><strong>morlo,</strong></span> <span class='ocrx_word' id='word_1_328' title='bbox 536 3878 619 3927; x_wconf 85' lang='lat' dir='ltr'><strong>ctiam</strong></span> <span class='ocrx_word' id='word_1_329' title='bbox 645 3884 790 3947; x_wconf 68' lang='lat' dir='ltr'><strong>antequam</strong></span> <span class='ocrx_word' id='word_1_330' title='bbox 810 3877 988 3943; x_wconf 78' lang='lat' dir='ltr'><strong>fundamenta</strong></span> <span class='ocrx_word' id='word_1_331' title='bbox 1007 3874 1102 3926; x_wconf 87' lang='lat' dir='ltr'><strong>mundi</strong></span> <span class='ocrx_word' id='word_1_332' title='bbox 1129 3874 1296 3934; x_wconf 84' lang='lat' dir='ltr'><strong>iacerentur,</strong></span> <span class='ocrx_word' id='word_1_333' title='bbox 1316 3879 1394 3922; x_wconf 84' lang='lat' dir='ltr'><strong>erant</strong></span> 
     </span>
     <span class='ocr_line' id='line_1_37' title="bbox 297 3940 1392 4016; baseline -0.006 -17"><span class='ocrx_word' id='word_1_334' title='bbox 297 3948 373 4015; x_wconf 82' lang='lat' dir='ltr'><strong>lngus</strong></span> <span class='ocrx_word' id='word_1_335' title='bbox 393 3956 421 3998; x_wconf 83' lang='lat' dir='ltr'><strong>at</strong></span> <span class='ocrx_word' id='word_1_336' title='bbox 440 3947 569 4016; x_wconf 84' lang='lat' dir='ltr'><strong>spiritns,</strong></span> <span class='ocrx_word' id='word_1_337' title='bbox 586 3947 708 3999; x_wconf 77' lang='lat' dir='ltr'><strong>actiones</strong></span> <span class='ocrx_word' id='word_1_338' title='bbox 733 3946 778 3999; x_wconf 81' lang='lat' dir='ltr'><strong>dei</strong></span> <span class='ocrx_word' id='word_1_339' title='bbox 794 3946 959 4009; x_wconf 79' lang='lat' dir='ltr'><strong>naturales,</strong></span> <span class='ocrx_word' id='word_1_340' title='bbox 987 3943 1209 4016; x_wconf 77' lang='lat' dir='ltr'><strong>quandoquidem</strong></span> <span class='ocrx_word' id='word_1_341' title='bbox 1231 3940 1298 3993; x_wconf 78' lang='lat' dir='ltr'><strong>deus</strong></span> <span class='ocrx_word' id='word_1_342' title='bbox 1317 3958 1392 3993; x_wconf 84' lang='lat' dir='ltr'><strong>meus</strong></span> 
     </span>
     <span class='ocr_line' id='line_1_38' title="bbox 297 4013 1392 4083; baseline -0.005 -15"><span class='ocrx_word' id='word_1_343' title='bbox 297 4026 346 4079; x_wconf 86' lang='lat' dir='ltr'><strong>cst,</strong></span> <span class='ocrx_word' id='word_1_344' title='bbox 365 4019 435 4069; x_wconf 89' lang='lat' dir='ltr'><strong>sicut</strong></span> <span class='ocrx_word' id='word_1_345' title='bbox 454 4026 534 4069; x_wconf 85' lang='lat' dir='ltr'><strong>autea</strong></span> <span class='ocrx_word' id='word_1_346' title='bbox 564 4016 734 4069; x_wconf 84' lang='lat' dir='ltr'><strong>dictumest.</strong></span> <span class='ocrx_word' id='word_1_347' title='bbox 781 4016 850 4069; x_wconf 83' lang='lat' dir='ltr'><strong>hacc</strong></span> <span class='ocrx_word' id='word_1_348' title='bbox 868 4017 929 4079; x_wconf 83' lang='lat' dir='ltr'><strong>tria,</strong></span> <span class='ocrx_word' id='word_1_349' title='bbox 949 4034 1023 4067; x_wconf 85' lang='lat' dir='ltr'><strong>mens</strong></span> <span class='ocrx_word' id='word_1_350' title='bbox 1041 4016 1118 4083; x_wconf 82' lang='lat' dir='ltr'><strong>lngus</strong></span> <span class='ocrx_word' id='word_1_351' title='bbox 1138 4022 1167 4065; x_wconf 85' lang='lat' dir='ltr'><strong>st</strong></span> <span class='ocrx_word' id='word_1_352' title='bbox 1184 4013 1303 4083; x_wconf 85' lang='lat' dir='ltr'><strong>spiritus,</strong></span> <span class='ocrx_word' id='word_1_353' title='bbox 1323 4029 1392 4063; x_wconf 87' lang='lat' dir='ltr'><strong>unus</strong></span> 
     </span>
    </p>

    <p class='ocr_par' dir='ltr' id='par_1_14' title="bbox 257 4084 1492 4509">
     <span class='ocr_line' id='line_1_39' title="bbox 257 4084 1440 4159; baseline -0.004 -20"><span class='ocrx_word' id='word_1_354' title='bbox 257 4099 263 4113; x_wconf 76' lang='grc'><strong>“</strong></span> <span class='ocrx_word' id='word_1_355' title='bbox 297 4088 434 4149; x_wconf 78' lang='lat' dir='ltr'><strong>deusest,</strong></span> <span class='ocrx_word' id='word_1_356' title='bbox 455 4089 525 4140; x_wconf 83' lang='lat' dir='ltr'><strong>sicut</strong></span> <span class='ocrx_word' id='word_1_357' title='bbox 555 4087 584 4139; x_wconf 90' lang='lat' dir='ltr'><strong>in</strong></span> <span class='ocrx_word' id='word_1_358' title='bbox 604 4106 655 4147; x_wconf 83' lang='lat' dir='ltr'><strong>uua</strong></span> <span class='ocrx_word' id='word_1_359' title='bbox 674 4087 823 4159; x_wconf 79' lang='lat' dir='ltr'><strong>sudemque</strong></span> <span class='ocrx_word' id='word_1_360' title='bbox 841 4087 959 4139; x_wconf 87' lang='lat' dir='ltr'><strong>hominis</strong></span> <span class='ocrx_word' id='word_1_361' title='bbox 986 4086 1075 4137; x_wconf 87' lang='lat' dir='ltr'><strong>anima</strong></span> <span class='ocrx_word' id='word_1_362' title='bbox 1096 4092 1138 4136; x_wconf 82' lang='lat' dir='ltr'><strong>cst</strong></span> <span class='ocrx_word' id='word_1_363' title='bbox 1156 4100 1241 4146; x_wconf 78' lang='lat' dir='ltr'><strong>mens,</strong></span> <span class='ocrx_word' id='word_1_364' title='bbox 1262 4091 1303 4136; x_wconf 81' lang='lat' dir='ltr'><strong>ast</strong></span> <span class='ocrx_word' id='word_1_365' title='bbox 1322 4084 1392 4135; x_wconf 90' lang='lat' dir='ltr'><strong>ratio</strong></span> <span class='ocrx_word' id='word_1_366' title='bbox 1435 4123 1440 4127; x_wconf 84' lang='lat'>.</span> 
     </span>
     <span class='ocr_line' id='line_1_40' title="bbox 297 4153 1393 4226; baseline -0.005 -17"><span class='ocrx_word' id='word_1_367' title='bbox 297 4166 388 4210; x_wconf 79' lang='lat' dir='ltr'><strong>mente</strong></span> <span class='ocrx_word' id='word_1_368' title='bbox 406 4157 568 4221; x_wconf 84' lang='lat' dir='ltr'><strong>intellecta,</strong></span> <span class='ocrx_word' id='word_1_369' title='bbox 589 4166 630 4211; x_wconf 80' lang='lat' dir='ltr'><strong>cst</strong></span> <span class='ocrx_word' id='word_1_370' title='bbox 656 4158 781 4209; x_wconf 84' lang='lat' dir='ltr'><strong>voluntas</strong></span> <span class='ocrx_word' id='word_1_371' title='bbox 800 4159 864 4209; x_wconf 86' lang='lat' dir='ltr'><strong>item</strong></span> <span class='ocrx_word' id='word_1_372' title='bbox 889 4164 982 4209; x_wconf 84' lang='lat' dir='ltr'><strong>mente</strong></span> <span class='ocrx_word' id='word_1_373' title='bbox 999 4162 1145 4226; x_wconf 80' lang='lat' dir='ltr'><strong>percepta3</strong></span> <span class='ocrx_word' id='word_1_374' title='bbox 1164 4153 1393 4216; x_wconf 70' lang='lat' dir='ltr'><strong>etiamnullum,</strong></span> 
     </span>
     <span class='ocr_line' id='line_1_41' title="bbox 298 4227 1457 4299; baseline -0.005 -20"><span class='ocrx_word' id='word_1_375' title='bbox 298 4244 452 4299; x_wconf 87' lang='lat' dir='ltr'><strong>quanquam</strong></span> <span class='ocrx_word' id='word_1_376' title='bbox 483 4229 534 4279; x_wconf 88' lang='lat' dir='ltr'><strong>tria</strong></span> <span class='ocrx_word' id='word_1_377' title='bbox 552 4236 636 4291; x_wconf 82' lang='lat' dir='ltr'><strong>suut,</strong></span> <span class='ocrx_word' id='word_1_378' title='bbox 666 4246 719 4279; x_wconf 87' lang='lat' dir='ltr'><strong>uua</strong></span> <span class='ocrx_word' id='word_1_379' title='bbox 741 4238 782 4281; x_wconf 82' lang='lat' dir='ltr'><strong>cst</strong></span> <span class='ocrx_word' id='word_1_380' title='bbox 800 4229 906 4279; x_wconf 84' lang='lat' dir='ltr'><strong>rationo</strong></span> <span class='ocrx_word' id='word_1_381' title='bbox 932 4227 1066 4278; x_wconf 83' lang='lat' dir='ltr'><strong>essentiae</strong></span> <span class='ocrx_word' id='word_1_382' title='bbox 1085 4242 1149 4277; x_wconf 81' lang='lat' dir='ltr'><strong>suaa</strong></span> <span class='ocrx_word' id='word_1_383' title='bbox 1168 4227 1266 4277; x_wconf 86' lang='lat' dir='ltr'><strong>anima.</strong></span> <span class='ocrx_word' id='word_1_384' title='bbox 1304 4240 1394 4275; x_wconf 78' lang='lat' dir='ltr'><strong>rursus</strong></span> <span class='ocrx_word' id='word_1_385' title='bbox 1454 4246 1457 4249; x_wconf 48' lang='lat'><strong>⁴</strong></span> 
     </span>
     <span class='ocr_line' id='line_1_42' title="bbox 298 4296 1492 4368; baseline -0.005 -19"><span class='ocrx_word' id='word_1_386' title='bbox 298 4300 389 4367; x_wconf 83' lang='lat' dir='ltr'><strong>logum</strong></span> <span class='ocrx_word' id='word_1_387' title='bbox 408 4298 453 4350; x_wconf 89' lang='lat' dir='ltr'><strong>dei</strong></span> <span class='ocrx_word' id='word_1_388' title='bbox 483 4315 668 4368; x_wconf 82' lang='lat' dir='ltr'><strong>nuncupamus</strong></span> <span class='ocrx_word' id='word_1_389' title='bbox 697 4300 859 4368; x_wconf 79' lang='lat' dir='ltr'><strong>sapientiam</strong></span> <span class='ocrx_word' id='word_1_390' title='bbox 878 4296 922 4349; x_wconf 84' lang='lat' dir='ltr'><strong>dei</strong></span> <span class='ocrx_word' id='word_1_391' title='bbox 950 4306 979 4350; x_wconf 86' lang='lat' dir='ltr'><strong>et</strong></span> <span class='ocrx_word' id='word_1_392' title='bbox 1000 4298 1148 4366; x_wconf 81' lang='lat' dir='ltr'><strong>potentiam</strong></span> <span class='ocrx_word' id='word_1_393' title='bbox 1168 4304 1197 4349; x_wconf 85' lang='lat' dir='ltr'><strong>ct</strong></span> <span class='ocrx_word' id='word_1_394' title='bbox 1217 4298 1345 4348; x_wconf 84' lang='lat' dir='ltr'><strong>virtutem</strong></span> <span class='ocrx_word' id='word_1_395' title='bbox 1367 4302 1400 4344; x_wconf 86' lang='lat' dir='ltr'><strong>et</strong></span> <span class='ocrx_word' id='word_1_396' title='bbox 1485 4326 1492 4334; x_wconf 51' lang='grc' dir='ltr'>ι</span> 
     </span>
     <span class='ocr_line' id='line_1_43' title="bbox 299 4363 1394 4439; baseline -0.006 -19"><span class='ocrx_word' id='word_1_397' title='bbox 299 4370 384 4421; x_wconf 85' lang='lat' dir='ltr'><strong>filium</strong></span> <span class='ocrx_word' id='word_1_398' title='bbox 404 4369 463 4432; x_wconf 81' lang='lat' dir='ltr'><strong>dei,</strong></span> <span class='ocrx_word' id='word_1_399' title='bbox 492 4371 555 4439; x_wconf 88' lang='lat' dir='ltr'><strong>quia</strong></span> <span class='ocrx_word' id='word_1_400' title='bbox 576 4370 696 4438; x_wconf 82' lang='lat' dir='ltr'><strong>genitum</strong></span> <span class='ocrx_word' id='word_1_401' title='bbox 725 4369 853 4439; x_wconf 87' lang='lat' dir='ltr'><strong>quiddam</strong></span> <span class='ocrx_word' id='word_1_402' title='bbox 872 4376 913 4420; x_wconf 84' lang='lat' dir='ltr'><strong>est</strong></span> <span class='ocrx_word' id='word_1_403' title='bbox 930 4385 963 4419; x_wconf 78' lang='lat' dir='ltr'><strong>cs</strong></span> <span class='ocrx_word' id='word_1_404' title='bbox 981 4374 1078 4426; x_wconf 86' lang='lat' dir='ltr'><strong>natura</strong></span> <span class='ocrx_word' id='word_1_405' title='bbox 1098 4368 1171 4431; x_wconf 84' lang='lat' dir='ltr'><strong>eius,</strong></span> <span class='ocrx_word' id='word_1_406' title='bbox 1196 4368 1266 4418; x_wconf 82' lang='lat' dir='ltr'><strong>sicut</strong></span> <span class='ocrx_word' id='word_1_407' title='bbox 1284 4363 1394 4435; x_wconf 77' lang='lat' dir='ltr'><strong>quoda</strong></span> 
     </span>
     <span class='ocr_line' id='line_1_44' title="bbox 299 4434 1412 4509; baseline -0.008 -17"><span class='ocrx_word' id='word_1_408' title='bbox 299 4450 397 4492; x_wconf 87' lang='lat' dir='ltr'><strong>natura</strong></span> <span class='ocrx_word' id='word_1_409' title='bbox 417 4440 534 4493; x_wconf 82' lang='lat' dir='ltr'><strong>hominis</strong></span> <span class='ocrx_word' id='word_1_410' title='bbox 551 4448 705 4509; x_wconf 68' lang='lat' dir='ltr'><strong>generatum</strong></span> <span class='ocrx_word' id='word_1_411' title='bbox 725 4448 774 4504; x_wconf 81' lang='lat' dir='ltr'><strong>est,</strong></span> <span class='ocrx_word' id='word_1_412' title='bbox 791 4439 907 4497; x_wconf 82' lang='lat' dir='ltr'><strong>hominis</strong></span> <span class='ocrx_word' id='word_1_413' title='bbox 925 4455 1049 4493; x_wconf 80' lang='lat' dir='ltr'><strong>vocamus</strong></span> <span class='ocrx_word' id='word_1_414' title='bbox 1064 4437 1159 4502; x_wconf 85' lang='lat' dir='ltr'><strong>fllium,</strong></span> <span class='ocrx_word' id='word_1_415' title='bbox 1176 4447 1203 4491; x_wconf 84' lang='lat' dir='ltr'><strong>st</strong></span> <span class='ocrx_word' id='word_1_416' title='bbox 1221 4439 1290 4489; x_wconf 83' lang='lat' dir='ltr'><strong>sicut</strong></span> <span class='ocrx_word' id='word_1_417' title='bbox 1308 4434 1412 4486; x_wconf 90' lang='lat' dir='ltr'><strong>homi-··</strong></span> 
     </span>
    </p>
   </div>
   <div class='ocr_carea' id='block_1_8' title="bbox 0 0 1872 5350">
    <p class='ocr_par' dir='ltr' id='par_1_15' title="bbox 0 0 1872 5350">
     <span class='ocr_line' id='line_1_45' title="bbox 0 0 1872 5350; baseline 0 0"><span class='ocrx_word' id='word_1_418' title='bbox 0 0 1872 5350; x_wconf 95' lang='lat' dir='ltr'><strong> </strong></span> 
     </span>
    </p>
   </div>
  </div>
 </body>
</html>
