3692 5350
465 543 534 619 146
633 620 635 626 ,
804 547 810 556 ’
904 547 1101 614 HISTORIA

544 696 743 783 Παχάμιος,
774 699 850 787 έλέφ
872 701 964 762 θεοῦ.
983 695 1231 780 α’ρχιεπέσκοπος
1255 695 1563 764 Κωνσταντινουπό.

460 807 548 880 λεως,
570 803 643 874 νέας
661 797 803 882 Ῥοόμης,
840 800 894 860 καί
915 794 1125 877 οἰκουμενικὸς
1152 793 1366 878 πατριάρχης·
1411 801 1452 883 τῇ
1473 794 1563 880 ἡμῶν

460 901 632 972 συνοόικυός
663 899 887 982 προκαθημένῃ
916 895 1117 976 μετριότητι,
1138 897 1196 957 κατ’
1214 915 1308 956 τινων
1329 894 1563 975 συμπαρόντων

460 1000 637 1078 άρχιερέων
658 993 739 1075 μετά
762 999 820 1058 τοῦ
843 994 997 1075 ἡμετέρου
1019 992 1137 1068 παντός
1158 994 1289 1074 κλήρου,
1311 992 1474 1078 ἀνηνέχθη
1491 997 1563 1078 περὶ

458 1101 516 1162 τοῦ
540 1096 727 1178 παρανόμου
752 1097 807 1158 νόν
830 1097 1087 1174 Μονεμβασιας,
1109 1094 1165 1156 τοό
1185 1097 1353 1173 λεγομένου
1374 1094 1583 1176 Ἀπαστόλη,5

459 1195 501 1270 ιός
526 1203 590 1268 τοῖς
612 1194 802 1274 ἁπανταχοῦ
831 1192 1070 1274 εὑρισκομένοις
1093 1196 1317 1270 Χριστιανοῖς,
1351 1193 1435 1272 τάχα
1455 1196 1561 1257 Λατέ.

457 1317 523 1368 νοις
557 1295 654 1375 δῆθεν
682 1291 911 1374 χαριζόμενος,
935 1296 1082 1372 προξενεῖ
1105 1290 1268 1352 σκάνδαλα
1297 1279 1351 1354 κατ’
1381 1288 1561 1373 συγχόσεις,

458 1397 514 1458 καί
535 1391 759 1464 ἀνυποστόλως
789 1387 990 1474 άφορισμοός
1018 1390 1178 1467 έκόενάζει
1207 1395 1275 1451 κατ’
1299 1384 1420 1469 αόταῖν,
1441 1391 1485 1472 μη
1512 1416 1562 1473 γι-

458 1491 587 1556 νυόσκων
609 1485 625 1549 ό
648 1486 783 1567 μάταιος
806 1483 853 1552 ότι
874 1489 973 1563 αότός
995 1497 1065 1562 ταῖς
1096 1486 1278 1571 α’ποφάσεσι
1305 1491 1361 1552 καί
1383 1484 1478 1572 άραῑς
1502 1494 1561 1553 τῶν

456 1588 595 1653 κανόνων
618 1585 781 1652 ὑπόκειται
810 1588 854 1660 οἷς
885 1585 1078 1670 παρανόμως
1106 1591 1161 1650 καί
1178 1587 1239 1664 ἔξω
1268 1585 1402 1651 κανόνων
1426 1590 1598 1667 α’ναξόαιςίυ

457 1687 580 1772 προβάς
609 1690 654 1762 εἰς
689 1685 725 1749 όν
756 1691 814 1752 νόν
835 1691 958 1770 λέγεται
982 1679 1072 1750 εἶναι.
1126 1687 1231 1772 κατ’τοι
1250 1698 1285 1769 γε
1306 1685 1472 1771 προόηντά
1495 1692 1560 1751 κατ’

458 1775 764 1864 αότόνσυνοόικιός
790 1783 931 1850 ἐνταῦθα
968 1787 1235 1866 τρακταΐσαντες,
1267 1785 1323 1869 τὴν
1355 1791 1429 1868 κατζ
1458 1789 1564 1851 adrosi-

457 1874 621 1970 α’πόφοσιν
644 1883 698 1948 διά
727 1879 825 1969 μόνης
849 1882 951 1967 ζώσης
983 1887 1091 1967 φωνῆς
1121 1884 1327 1970 ἐξενεγκόντες
1350 1884 1560 1968 ἤρκέσθημεν.

459 1986 527 2048 u'ii’
551 1983 660 2067 ἐπειδη
689 1984 726 2046 od
763 1985 897 2047 παόεται
929 1980 1031 2046 πάντα
1061 1986 1155 2046 κινῶν
1175 1984 1267 2046 λίθον
1297 1982 1377 2046 κατά
1402 1989 1467 2046 τῶν
1490 1979 1562 2046 ἑκά·
1589 2033 1596 2038 .

457 2110 534 2150 στου
567 2081 764 2164 όρθοδόξων,
793 2083 848 2146 καί
871 2081 1011 2156 οόόόλιος
1045 2081 1212 2164 βούλεται,
1247 2085 1325 2146 κατὰ
1357 2082 1412 2148 τόν
1437 2081 1600 2149 Ἰοόόανίῑι

462 2187 588 2262 ἐκεῖνον,
608 2179 680 2245 inu
701 2181 921 2264 τυγχάνουσιν,
945 2184 1040 2263 ἰέναι,
1062 2186 1119 2244 κατ’
1139 2181 1158 2265 ἦ
1180 2181 1349 2271 μετριότης
1367 2181 1459 2264 ἡμῶν
1480 2179 1562 2249 odam

459 2285 633 2356 uovodrxoic
652 2281 706 2344 καί
720 2279 896 2364 ἐγγράφως,
910 2277 1116 2360 ένόικοότατα,
1144 2279 1186 2354 σός
1202 2283 1377 2363 συγχιστην
1397 2283 1454 2344 κατ’
1465 2305 1561 2345 σκαν.

462 2380 634 2458 όάλοποιόν
654 2380 732 2443 κατὰ
754 2385 814 2443 suiv
830 2378 1021 2461 όρθοόόξων,
1041 2377 1232 2463 ἔχειαότόν
1254 2384 1479 2464 ἀφωρισμένον
1500 2385 1561 2444 άπο

458 2483 512 2562 τῆς
534 2479 625 2561 άγόας
648 2479 703 2542 καί
721 2471 889 2559 όμοουσιόυ
913 2473 968 2542 κατ’
980 2480 1164 2560 α’όιαιρέτου
1188 2478 1243 2541 καί
1259 2479 1443 2560 άσυγχότου
1466 2478 1562 2560 apici·

400 2596 450 2650 150
460 2582 524 2658 doc,
546 2580 604 2642 τοῦ
622 2582 689 2652 ἓνος
712 2581 750 2664 τῇ
777 2572 881 2665 οόσόη,
904 2582 948 2665 τῷ
968 2579 1116 2662 α’ριθμῷ,
1139 2573 1387 2660 παντοκράτορος
1406 2576 1462 2641 κατ’
1481 2578 1601 2641 sino-20

460 2678 574 2743 στάτου
605 2680 667 2741 τῶν
699 2671 801 2760 dior,
824 2680 919 2755 θεοῦ,
940 2673 973 2740 ἔν
996 2700 1027 2741 τε
1060 2681 1103 2762 τῷ
1124 2678 1181 2740 νόν
1202 2678 1257 2740 καί
1276 2679 1313 2740 έν
1334 2678 1378 2763 τῷ
1396 2681 1561 2756 μέλλοντι·

461 2778 503 2852 σός
526 2780 561 2841 di
582 2777 677 2841 πάλιν
704 2763 840 2854 άναξόως
871 2779 926 2840 καί
946 2774 1146 2862 ,παρανόμως
1177 2774 1339 2860 προβόντα
1363 2776 1408 2851 εἰς
1429 2776 1487 2841 τόν
1506 2780 1562 2860 τῆς

534 3052 700 3117 pachomius,
720 3057 893 3106 miseratione
913 3058 957 3106 dei
975 3056 1193 3128 archiepiscopus
1203 3059 1331 3127 Cpoieos‚
1349 3076 1437 3110 novae
1452 3062 1561 3125 Romae,

464 3133 491 3175 et
510 3126 698 3175 oecumenicus
717 3126 877 3194 patriarcba.
921 3127 955 3177 ad
973 3137 1091 3179 nostram
1114 3130 1142 3179 in
1164 3130 1268 3195 synodo
1289 3130 1508 3200 praesidentem,
1532 3142 1561 3183 et

454 3195 634 3264 ,quorundam
654 3212 706 3245 una
726 3196 879 3247 sedentium
899 3199 1066 3267 pontificum,
1084 3216 1144 3249 cum
1163 3208 1222 3251 toto
1240 3202 1312 3251 clero
1335 3209 1437 3262 nostro,
1455 3201 1561 3252 medio-

465 3267 588 3317 critatem
609 3265 723 3316 reiatum
748 3276 788 3318 est
806 3268 839 3317 de
859 3268 1002 3336 illegitimo
1023 3286 1096 3320 nunc
1115 3270 1336 3331 monembasiae,
1358 3273 1489 3338 Apostoie
1511 3288 1561 3323 no·
1597 3289 1600 3292 ‘

409 3374 412 3380 -
465 3336 586 3387 minato:
606 3338 743 3405 quomodo
764 3338 850 3389 ubivis
870 3340 990 3389 locorum
1008 3340 1186 3401 Christianis,
1204 3340 1295 3392 studio
1315 3343 1438 3391 nimirum
1460 3345 1562 3394 Latinis

465 3406 645 3475 gratificandi,
666 3408 794 3475 praebeat
815 3408 978 3460 offendicula
998 3420 1026 3460 et
1045 3410 1276 3478 perturbationes,
1301 3428 1352 3461 nec
1371 3422 1494 3463 vereatur
1514 3431 1563 3464 ex-

465 3478 723 3529 communicationes
744 3495 866 3531 eromere
888 3489 981 3531 contra
1002 3497 1066 3543 eos,
1084 3483 1187 3538 nolens,
1201 3481 1354 3549 intelligere
1375 3500 1459 3533 vanus
1478 3484 1561 3534 homo

465 3565 524 3599 sese
543 3565 601 3599 esse
616 3550 692 3599 ilium
710 3551 756 3619 qui
776 3549 1049 3601 condemnationibus
1064 3559 1091 3601 et
1107 3552 1322 3603 execrationibus
1342 3570 1476 3603 canonum
1496 3555 1562 3603 snb-

467 3620 571 3680 iaceat,
594 3628 623 3669 ut
651 3620 696 3687 qui
716 3620 858 3686 illegitime
877 3622 1030 3688 spretisque
1049 3623 1198 3672 canonibus
1223 3622 1333 3689 indigne
1361 3624 1497 3675 inlocum
1519 3627 1563 3675 in·

467 3690 580 3749 raserit,
599 3691 626 3738 iu
646 3705 699 3758 quo
717 3707 789 3739 nunc
808 3690 907 3759 dicitur
929 3708 995 3741 esse.
1040 3692 1114 3761 atqui
1135 3710 1193 3741 cum
1214 3701 1293 3743 antea
1313 3710 1422 3743 causam
1443 3694 1565 3745 eiushic

467 3758 593 3823 synodice
618 3767 810 3821 tractaremus,
830 3762 991 3811 sententiam
1021 3761 1048 3809 in
1072 3779 1132 3811 earm
1151 3763 1210 3812 viva
1232 3771 1335 3834 tantum
1356 3781 1420 3813 voce
1441 3782 1563 3831 pronun-

468 3830 535 3879 tiare
555 3830 620 3880 satis
641 3830 794 3879 habuimus.
842 3830 887 3881 sed
909 3832 972 3901 quia
998 3848 1054 3881 non
1072 3841 1157 3884 cessat
1184 3850 1289 3884 omnem
1308 3851 1415 3886 movere
1436 3835 1586 3903 lapidem,'

442 3954 444 3963 ,
470 3900 606 3949 utoiiieiat
627 3902 792 3968 singulorum
806 3903 923 3950 iocorum
937 3910 1007 3951 recte
1027 3902 1219 3965 sentientibus,
1247 3922 1297 3954 nec
1318 3905 1374 3955 ulio
1397 3914 1475 3972 pacto
1496 3911 1564 3965 vuit,

438 4020 441 4027 ,
469 3962 564 4036 uipote
578 3971 659 4021 iudae
679 3972 806 4033 imitator,
824 3970 918 4021 eodem
938 3972 983 4021 ubi
1002 3972 1042 4021 iili
1061 3983 1124 4023 sunt
1137 3974 1186 4035 ire,
1206 3973 1268 4025 ideo
1281 3975 1456 4026 mediocritas
1474 3987 1565 4027 nostra

470 4040 599 4102 synodico
613 4052 739 4107 processit
754 4050 781 4092 et
792 4044 892 4111 scripto
909 4052 1040 4110 concepto
1061 4044 1292 4105 eumiustissime,
1304 4053 1334 4095 ut
1349 4046 1564 4113 perturbatorem

471 4116 498 4156 et
509 4109 693 4178 scandalorum
714 4111 840 4162 adversus
854 4114 912 4180 pios
926 4122 1072 4174 auctorem,
1092 4118 1199 4182 separat
1212 4116 1359 4177 firmiter,a
1373 4118 1565 4167 coniunctione
1597 4151 1599 4154 -

471 4176 616 4227 abscissum
636 4190 743 4231 sanctae
762 4183 997 4234 consubstantialis
1017 4185 1175 4234 individuae
1195 4195 1222 4235 et
1239 4187 1397 4236 inconfusae
1417 4188 1566 4249 trinitatis,

422 4312 423 4315 Ἴ
473 4247 553 4299 unius
573 4248 645 4297 iilius
667 4251 817 4302 sulistarrtia
837 4262 863 4302 et
883 4272 1004 4314 numero,
1024 4256 1219 4323 omnipotentis
1239 4266 1450 4325 cunctarumque
1469 4256 1565 4308 condi-

474 4314 538 4361 toris
560 4314 611 4372 dei,
634 4326 687 4367 turn
709 4323 735 4369 in
755 4322 805 4371 boc
828 4331 883 4372 tum
906 4329 933 4373 in
964 4325 1054 4375 futtuo
1085 4326 1202 4376 saecado.
1242 4344 1330 4377 rursus
1349 4328 1447 4384 eadem,
1464 4328 1565 4378 medio-

475 4384 555 4432 critas
576 4396 665 4436 uostra
688 4392 817 4452 euuuem,
841 4401 869 4443 ut
888 4394 999 4461 indigne
1016 4404 1044 4445 et
1065 4397 1229 4447 conculcatis
1250 4398 1356 4465 legibus
1375 4398 1402 4447 in
1423 4399 1565 4467 pontifica-
