3692 5350
681 603 999 670 persistentes.
1311 593 1381 670 163

281 746 368 837 ἦλθα
392 758 456 817 &dui
489 757 533 826 εἰς
564 751 596 816 τέ
631 750 744 835 ἐιβάνη
763 753 795 816 τὸ
817 751 999 835 βασιλικόν,
1021 754 1127 834 ὑσῆγα
1150 751 1207 817 καί
1224 756 1382 837 ἐσροσκέ.

282 878 365 936 νησα
387 852 442 917 τὸν
462 850 633 934 βασιλέοιν,
664 856 719 916 καί
738 847 836 934 άρτζη
859 857 917 916 τοῦ
936 852 969 916 τὸ
991 851 1105 931 ἔκαμα.
1125 852 1127 861 d
1149 859 1203 917 καί
1225 847 1314 933 ὅρισε
1333 846 1380 916 ὅτι
1405 899 1407 902 ·

281 952 320 1016 νά
347 956 447 1038 φέρης
469 955 524 1013 τοῦ
547 955 827 1030 Μουσουλμάνσυς
849 953 988 1025 ἐκείνους
1017 951 1101 1014 sinoti
1120 947 1204 1026 εἶπες
1231 947 1279 1016 ὅτι
1297 949 1382 1033 ἔχεις

282 1051 458 1131 μάρτυρες,
481 1045 520 1110 νά
548 1049 621 1121 τούς
643 1049 844 1132 ἐρωτησομεν
874 1049 907 1112 τί
926 1050 1082 1131 η’ξεάρουν
1109 1053 1154 1124 εἰς
1183 1052 1286 1114 τοῦτο.
1328 1049 1384 1112 καί

258 1146 326 1225 δαῖς
350 1144 389 1211 ἐν
412 1149 485 1221 τούς
511 1147 703 1229 α’κοάσιομε,
726 1153 813 1212 θέλει
835 1151 916 1229 γένει
940 1148 1036 1212 πάλιν
1056 1142 1157 1232 άρτζη
1177 1151 1222 1224 εἷς
1243 1147 1299 1212 τὸν
1319 1153 1384 1226 βα-

283 1250 403 1324 σιλέαν,
425 1245 479 1309 καί
497 1245 605 1321 καθώς
627 1246 729 1333 ὁρίσῃ·
785 1246 894 1310 λοιπὸν
916 1250 994 1331 φέρε
1016 1245 1090 1321 τούς
1112 1253 1274 1330 μαρτυρές
1294 1254 1383 1311 σου.”

284 1343 357 1410 τότε
379 1344 567 1426 άπεκρίθηὸ
590 1346 800 1428 πατριάρχης,
821 1340 958 1408 neieina
980 1344 1057 1426 πρὸς
1069 1344 1123 1410 τέν
1136 1350 1245 1430 βτζίρη
1266 1353 1383 1411 “σουλὲ

284 1443 475 1523 εάνε,μου,
505 1443 533 1506 οἱ
565 1446 727 1526 μάρτυρές
756 1467 819 1523 μου
848 1443 911 1508 tto
944 1447 997 1509 δὲν
1019 1439 1121 1525 εἶναι,
1140 1444 1238 1525 μόνον
1260 1447 1304 1521 εἰς
1325 1447 1385 1529 τὴν

243 1529 246 1536 ’
284 1545 560 1622 Ἅιλριανοάπολιν·
584 1546 640 1606 καί
660 1546 741 1625 ζητοῖ
761 1545 899 1623 ιιβαντιῖ
918 1543 1039 1626 ἡμέρας
1062 1543 1179 1628 εἴκοσι,
1200 1544 1238 1608 νά
1263 1548 1385 1622 oratio,
1459 1572 1463 1579 ’

244 1665 278 1716 10
287 1641 326 1706 vei
349 1642 423 1718 τούς
441 1643 584 1727 ἐφὲρω.”
625 1641 763 1718 α’κοάσας
786 1647 820 1706 δέ
842 1642 858 1705 ὃ
882 1645 1001 1717 παστοῖς
1014 1645 1103 1708 τοῦτο
1124 1641 1222 1707 ἔδωκέ
1246 1667 1304 1707 του
1327 1640 1383 1708 τὸν

286 1745 400 1823 βαντοῖ.
449 1743 503 1806 καί
533 1737 630 1815 οὕτως
660 1741 892 1824 ἐσροσκάνησεν
920 1738 936 1804 ὅ
962 1729 1181 1825 πατριάρχης,
1212 1747 1267 1806 καί
1297 1745 1387 1826 ἐξέβη

287 1838 349 1918 ἔξω
371 1838 433 1903 αἀὀ
463 1839 499 1903 τέ
531 1841 645 1924 διβάνη
667 1837 748 1918 μετά
771 1843 826 1923 τῆς
846 1842 995 1915 συνοδίας
1027 1841 1130 1903 αὐτοῦ
1149 1842 1204 1905 καί
1224 1835 1322 1926 η’λθεν
1342 1843 1388 1913 εἰς

287 1936 344 2022 τήν
372 1937 510 2023 μεγάλην
540 1941 713 2024 ἐκκλησίαν.
768 1944 822 2003 καί
854 1939 1022 2021 παρευθύς
1051 1944 1235 2006 ἐπέστειλεν
1258 1945 1389 2023 α’νθρυέ-

288 2063 369 2113 σονς
391 2038 682 2120 πρακτικωτάτους·
737 2042 791 2102 καί
821 2039 947 2121 άτιηγαν
973 2041 1019 2114 εἰς
1045 2038 1102 2122 τὴν
1128 2041 1390 2122 Ἁδριανυάτεολιν

247 2149 279 2202 15
287 2135 369 2217 μετά
392 2134 537 2219 μεγάλων
556 2135 768 2218 χαρισμάτων
788 2138 842 2200 καί
856 2137 977 2218 ἐώρων,
997 2138 1052 2201 καί
1075 2130 1178 2221 ηὗρον
1198 2138 1273 2213 τούς
1289 2141 1388 2203 Μου-

288 2236 487 2316 σουλμάνους
510 2239 647 2310 ἐκείνους
669 2235 749 2300 duod
781 2237 905 2320 ἐσῆγαν
924 2240 970 2301 δι’
999 2240 1138 2318 αὐτούς,
1162 2238 1199 2303 νά
1220 2237 1293 2312 rode
1314 2241 1389 2324 ἐφέ-
1480 2281 1486 2295 ·

289 2357 376 2416 ρουν.
419 2335 473 2397 καί
495 2333 652 2416 άμίλησαν
677 2340 748 2413 μετ’
770 2336 909 2409 adserit·
959 2340 1014 2400 καί
1035 2335 1074 2400 τά
1097 2341 1185 2420 δῶρα
1206 2338 1260 2403 ἐπί
1277 2338 1452 2418 χεῖραςλόθ

289 2431 417 2512 diadar,
439 2433 546 2508 καθώς
570 2429 684 2498 ἐκεῖνοι
714 2429 844 2517 ἦθελαν.
893 2434 963 2499 τότε
985 2438 1241 2516 ἐκαβαλιλιευσαν,
1261 2441 1315 2499 καί
1335 2431 1390 2518 rii·

291 2537 354 2596 θυν
378 2528 459 2614 ἐμοῦ
482 2531 561 2612 μετά
586 2537 908 2611 τῶνιίσεστσλμένων
930 2536 1018 2617 παρὰ
1035 2541 1094 2597 τοῦ
1117 2534 1319 2615 πατριάρχου
1344 2537 1390 2608 εἰς

248 2632 347 2716 λθτην
370 2635 508 2717 μεγάλην
537 2633 713 2718 ἐκκλησίαν.
755 2633 808 2697 καί
835 2637 968 2717 ἐκατέβη
1005 2631 1239 2718 ὁσατριάρχης
1267 2636 1312 2707 εἰς
1335 2630 1392 2717 τὴν

293 2732 403 2815 αὐλήν,
425 2738 479 2796 καί
503 2735 679 2816 η’γκαλίσθη
701 2730 835 2813 αὐτούς,
857 2721 912 2796 καί
928 2732 1002 2808 τούς
1035 2736 1153 2817 ἐδέχθη
1173 2732 1252 2814 μετά
1275 2736 1412 2816 πολλῆς.

293 2833 434 2917 α’γάιιης·
486 2832 541 2895 καί
570 2838 624 2915 τῆς
650 2831 737 2915 κέρας
769 2833 880 2911 τόπον,
910 2838 966 2897 καί
986 2833 1159 2916 ἐκάθισαν,
1189 2832 1245 2913 καί
1263 2829 1389 2919 φαγητά

294 2934 436 3015 διάφορα
468 2930 543 3006 τούς
564 2930 660 3018 ἔφερε
694 2936 748 2995 καί
775 2931 907 3017 ῥοάχα·
957 2932 1013 2997 καί
1040 2934 1278 3017 άνεσαάθησαν.
1321 2933 1391 2997 τότε

366 3092 409 3143 22.
428 3090 527 3163 τόσον]
552 3092 637 3146 ἔιλωκε
654 3091 730 3142 addit
750 3092 858 3143 Crusius

293 3261 428 3308 veneram,
447 3244 500 3295 abii
523 3254 618 3314 postea
648 3246 682 3295 ad
712 3261 799 3312 regem
826 3252 853 3295 et
879 3244 987 3295 adoravi
1013 3245 1206 3313 negotiumque
1224 3246 1248 3295 ei
1268 3244 1391 3313 exposui,

294 3314 404 3367 mandat
425 3318 446 3365 is
466 3332 526 3382 ergo
558 3322 588 3367 'ut
614 3316 731 3366 adducas
760 3316 946 3365 Musirimanos
976 3315 1041 3365 istos
1068 3314 1220 3383 dequibus
1241 3316 1388 3374 disisti,te

294 3402 386 3435 eorum
406 3388 561 3436 testimonio
583 3405 700 3447 usurum,
721 3394 751 3436 ut
764 3404 795 3435 ex
816 3388 848 3435 iis
868 3402 1029 3454 quaeramus
1045 3383 1113 3453 quid
1131 3385 1179 3434 iila
1197 3384 1230 3434 de
1247 3402 1273 3434 re
1293 3385 1388 3449 cogni-

292 3464 351 3505 tum
375 3456 500 3507 habeant.
568 3457 655 3507 uaudo
676 3474 722 3507 eos
737 3456 935 3517 audiverimus,
955 3474 995 3505 res
1013 3457 1110 3505 iterum
1125 3455 1159 3503 ad
1179 3471 1268 3520 regem
1286 3454 1389 3504 resere-

272 3533 346 3588 Jtur,
370 3526 469 3595 fietque
491 3474 564 3593 quod
586 3530 643 3596 ipse
666 3528 844 3595 imperaverit.
892 3526 1007 3594 proinde
1033 3534 1115 3575 testes
1137 3533 1197 3574 tuos
1220 3523 1394 3592 producitol’,

292 3598 529 3664 tunc‘patriareha
547 3598 581 3647 ad
604 3601 714 3648 venirem
733 3606 833 3647 “testes
848 3598 916 3647 mei''
937 3598 1035 3665 inquit,
1055 3596 1110 3644 “mi
1130 3594 1249 3654 domine,
1267 3593 1312 3644 hic
1331 3608 1388 3644 non

292 3676 366 3727 sunt,
386 3668 433 3717 sed
455 3668 638 3736 Adrianopoii.
675 3668 737 3718 ideo
759 3667 917 3717 dilationem
944 3675 1008 3734 peto
1028 3666 1121 3732 viginti
1140 3665 1253 3724 dierum,
1273 3673 1303 3716 ut
1321 3665 1387 3714 mit-

291 3745 347 3787 tam
369 3738 479 3805 quiens
500 3738 660 3789 adducunt.''
696 3739 773 3789 bassa
792 3736 843 3788 hnc
857 3737 949 3787 audito
969 3736 1094 3805 petitioni
1113 3738 1170 3786 eius
1185 3735 1290 3786 annuit.
1328 3743 1386 3785 tum

292 3816 447 3859 reverenter
467 3825 495 3858 se
515 3810 649 3859 inclinans
664 3807 813 3878 patriarcha
833 3809 980 3859 eeoneiiio
998 3807 1082 3856 exivit
1095 3822 1155 3855 eum
1176 3807 1303 3855 comitatu
1325 3822 1385 3867 suo,

271 3886 319 3927 et
338 3878 365 3927 in
385 3895 506 3945 magnam
525 3881 664 3929 ecclesiam
694 3897 741 3931 seu
773 3879 970 3945 patriarchenm
997 3877 1088 3927 rediit.
1124 3884 1152 3927 at
1170 3877 1312 3925 confestim
1333 3875 1385 3925 ho-

289 3948 377 3998 mines
397 3966 446 3999 usu
467 3966 553 4001 rerum
570 3951 806 4001 exercitatissimos
826 3950 972 4017 expedivit,
991 3951 1039 4016 qui
1053 3946 1163 3996 Adriani
1179 3947 1273 3996 urbem
1291 3947 1383 3997 multis

289 4020 449 4087 magnisque
476 4037 534 4070 cum
562 4020 718 4071 muneribus
739 4018 913 4089 petiverunt5
938 4017 986 4067 ubi
1005 4018 1188 4067 Musuimanos
1211 4016 1293 4077 ilios,
1313 4031 1383 4085 qun·

289 4106 348 4139 rum
368 4106 445 4140 causa
467 4090 686 4142 secernendorum
707 4092 758 4141 iter
777 4095 958 4157 susceperant,
978 4088 1146 4139 invenerunt.
1183 4104 1243 4137 cum
1263 4087 1306 4137 his
1324 4088 1383 4137 coi-

288 4160 375 4211 locuti
394 4169 473 4223 sunit
504 4162 540 4211 eis
559 4161 629 4211 riona
650 4161 697 4211 iila
715 4162 743 4210 in
767 4174 861 4209 manns
891 4158 1002 4221 dedere;
1030 4158 1129 4227 quibus
1155 4160 1274 4226 acceptis
1293 4158 1383 4209 animo

288 4246 382 4280 eorum
401 4232 566 4282 satisfactum
586 4240 635 4283 est.
672 4239 736 4282 tunc
754 4229 911 4297 equitarunt
929 4245 988 4278 eum
1010 4227 1105 4295 legatis
1123 4227 1290 4295 patriarchae
1308 4229 1381 4280 etin
1452 4280 1455 4283 .

286 4316 412 4367 magnam
431 4302 571 4361 ecelesiam
589 4308 777 4371 pervenerunt.
816 4298 957 4349 descendit
977 4297 1127 4367 patriarcha
1147 4299 1175 4348 in
1188 4316 1287 4361 aream,
1309 4315 1383 4350 eorn-

285 4372 442 4441 plexosque
468 4372 589 4440 hospites
618 4374 730 4423 comiter
760 4382 786 4423 et
806 4372 922 4437 benigue
945 4371 1067 4438 excepit,
1086 4371 1225 4420 aestatim
1245 4370 1274 4420 in
1294 4370 1380 4421 iocum

286 4442 369 4493 duxit
390 4442 435 4492 ubi
454 4444 619 4506 assederunt,
641 4452 668 4495 et
690 4443 760 4494 varia
781 4442 882 4495 cibaria
907 4441 1037 4511 apposuit
1062 4450 1204 4509 vestesque
1222 4440 1306 4492 dedit.
1343 4442 1381 4489 ita
