3692 5350
478 563 547 644 loo
711 611 716 621 ·
927 577 1119 642 nasaoan

561 731 629 792 Καί
650 727 693 802 οός
715 727 873 806 ἐπέρασαν
893 725 1011 807 ἡμέραι
1035 726 1157 810 όλίγαι,
1181 722 1251 798 όλον
1272 725 1327 792 τόν
1351 727 1572 812 περιφραγμόν

473 831 532 894 τοῦ
552 828 788 910 πατριαρχείου,
812 821 892 887 tuos·
914 818 984 907 η’τον
1004 822 1139 906 γόροθεν
1157 829 1199 903 μὲ
1220 815 1340 889 παλαιά
1366 830 1510 907 πέταυρα
1525 849 1573 889 σε-

475 932 678 1010 οαθρωμένα,
703 925 832 1006 ἔρρηξεν
853 924 945 1002 αότά,
967 925 1021 986 καί
1049 920 1166 1007 ἧηερεν
1188 919 1346 1008 α’σβέοτην
1367 925 1422 988 καί
1443 927 1572 1004 λιθάρια

407 1089 411 1096 ,
475 1030 529 1088 καί
551 1026 718 1106 κεραμίδες
749 1025 804 1086 καί
833 1025 1001 1103 τοόβοολα,
1030 1027 1086 1086 καί
1105 1022 1224 1088 ἔκτισεν
1243 1024 1320 1087 αάτδ
1343 1022 1502 1106 γόρωθεν,
1523 1027 1574 1085 καί

475 1122 510 1188 τό
542 1122 656 1204 ἔκαμεν
685 1121 727 1196 ὡς
759 1121 893 1203 κάστρον
923 1121 1137 1203 αλραιότατον,
1166 1126 1419 1206 πεφυλαγμένον.
1475 1121 1593 1188 ἕκτισεδ

475 1228 510 1288 δὲ
534 1229 588 1287 καί
611 1223 668 1285 δόο
701 1219 839 1284 παλάτια
870 1216 1102 1306 εόμορῳαότατα
1132 1219 1272 1302 μεγάλα,
1301 1225 1475 1308 ἀριστερᾷ,
1500 1216 1572 1283 όταν

416 1326 602 1409 ιςοεόγένῃς
634 1319 695 1383 α’πὸ
732 1317 767 1381 τό
803 1328 1045 1402 πατριαρχεῖον,
1082 1320 1212 1405 πλησίον
1244 1325 1300 1384 τοῦ
1338 1322 1573 1404 πατριαρχικοό

444 1455 445 1458 “
475 1423 566 1485 θειόυ
596 1422 729 1496 κελλίου.
779 1414 877 1496 έκαμε
907 1421 941 1482 δὲ
967 1417 1033 1482 ’καί
1050 1416 1228 1501 μαγγόπὶον
1247 1419 1302 1482 καί
1318 1425 1433 1500 μόλον.
1477 1416 1572 1497 ἔκαμε

475 1525 509 1585 δὲ
532 1524 586 1581 καί
606 1517 700 1598 σκεύη
736 1520 791 1598 τῆς
812 1515 950 1599 μεγάλης
979 1521 1163 1601 ἐκκλησίας,
1197 1518 1392 1599 διβάμονλον
1423 1497 1571 1599 άργυρόν,

474 1617 597 1684 λεκάνιν
622 1615 764 1697 άργυρίν,
787 1619 966 1693 μανουάλια
990 1613 1047 1679 δόο
1069 1619 1205 1699 α’ργυρά,
1228 1622 1283 1681 καί
1302 1611 1384 1680 ἄλλα
1407 1614 1571 1698 πολύτιμα,
1580 1629 1604 1681 10

474 1715 605 1804 λαμπρά
628 1714 681 1775 καί
696 1717 802 1794 χρυσοῖ
824 1711 908 1794 leuel,
931 1713 986 1777 καί
1006 1719 1128 1788 ποδαῖς.

525 1812 630 1898 Ὅρκος
642 1819 749 1887 τοῦτος
762 1812 777 1875 o‘
788 1811 992 1896 ,πατριάρχης
1008 1807 1079 1897 ἦτον
1094 1813 1190 1877 πολλά
1204 1813 1406 1897 όπερηφανος
1418 1817 1477 1878 καί
1486 1817 1573 1892 δόξα·

473 1918 596 1995 σμένος,
617 1915 671 1975 καί
687 1905 782 1994 ἦλθεν
800 1913 845 1984 εἰς
866 1912 989 1993 μεγάλα
1012 1909 1172 1976 σκάνδαλα
1194 1910 1274 1991 μετά
1297 1914 1358 1975 τῶν
1378 1912 1573 1991 τιμιωτάτων

472 2014 625 2094 κληρικαῖν
640 2010 693 2072 καί
704 2008 781 2089 μετά
807 2010 870 2072 τῶν
892 2008 1123 2090 εὐγενεστάτων
1138 2009 1324 2092 άρχόντων.’
1336 2012 1391 2072 καί
1413 2011 1572 2074 άπέστειλε

473 2116 529 2175 καί
537 2101 697 2187 Ιε’σόναξεν
718 2108 812 2182 δ’λους
831 2108 905 2182 νοός
928 2111 1088 2190 α’ρχιερεῖς
1110 2114 1164 2191 τῆς
1187 2111 1350 2193 άνατολης,
1370 2115 1427 2192 τῆς
1441 2109 1568 2182 ,δόσεως
1580 2128 1603 2178 15

385 2263 386 2266 ι
473 2214 600 2290 κοίτης
622 2207 888 2290 Πελοποννήσου·
931 2211 986 2270 καί
1004 2202 1107 2290 ἦλθαν
1128 2213 1182 2273 καί
1203 2206 1432 2292 ἐστινάχθησιτν
1454 2213 1501 2283 εἰς
1521 2208 1571 2288 τίμ

450 2391 454 2396 .
472 2306 611 2390 μεγάλην
631 2309 815 2390 ἐκκλησίαν·
857 2303 910 2369 διά
935 2302 973 2367 νά
998 2304 1071 2380 τοδς
1091 2305 1159 2388 ἔχει
1180 2309 1327 2391 βοηθούς,
1349 2303 1387 2371 νά
1410 2305 1570 2392 καταβάλῃ

473 2407 548 2482 τούς
570 2407 708 2487 ἐχθροὺς
738 2406 849 2469 αὐτοῦ.
904 2404 959 2468 καί
977 2406 1111 2469 συνόδου
1134 2413 1301 2490 γενομένης
1323 2407 1497 2485 ἀπέδειξαν
1516 2407 1571 2469 αδ.

475 2510 531 2572 τόν
554 2503 771 2586 Σιμωνιακόν,
803 2507 858 2567 καί
883 2501 964 2566 κατά
988 2503 1044 2586 τὴν
1076 2507 1241 2591 ἀπόφασιν
1270 2508 1330 2568 τῶν
1357 2507 1570 2580 α’ποστολικῷν

474 2611 572 2670 θείων
607 2605 745 2669 κανόνων
777 2603 939 2688 ἐκάθηραν
963 2600 1061 2668 αότδν
1094 2607 1147 2688 τῆς
1181 2602 1422 2690 άρχιερωσόνης
1443 2609 1501 2668 καί
1515 2590 1599 2676 'soto

475 2709 708 2789 πατριαρχικοά
730 2702 846 2784 θρόνου
869 2707 998 2787 κοίτης
1018 2706 1119 2786 τιμῆς.

558 2805 638 2894 Ἰδού
666 2807 722 2867 καί
744 2804 761 2886 ἦ
783 2804 969 2884 καθαίρεσις
991 2804 1104 2886 usitari.

1622 2884 1625 3001 l

548 3076 639 3125 Paucis
657 3074 753 3125 diebus
765 3076 872 3144 ¹elapsis
894 3083 981 3127 totum
1000 3086 1105 3145 septum
1130 3094 1183 3146 quo
1202 3075 1400 3145 patriarcheum
1420 3076 1572 3128 circumda·-

478 3144 534 3197 tum
557 3154 621 3206 erat,
640 3161 700 3195 cum
719 3148 853 3196 veteribus
873 3155 899 3197 et
918 3148 1074 3214 putrefactis
1098 3149 1212 3213 tuguriis
1227 3148 1375 3211 destruxit3
1395 3146 1566 3216 advectisque
1622 3148 1625 3217 l

369 3218 370 3227 ’
479 3218 562 3276 οαλεε,
580 3215 725 3283 lapidibus,
748 3217 845 3283 tegulis
865 3219 1047 3270 etcoctilibus
1069 3219 1196 3267 lateribus
1210 3235 1314 3267 murum
1333 3219 1383 3284 ipsi
1400 3218 1566 3286 patriarchen

401 3282 405 3291 ⁴
479 3286 721 3348 circumdedistis
743 3297 773 3338 ut
791 3288 818 3337 id
839 3305 910 3337 nunc
926 3290 1003 3337 castri
1022 3288 1193 3356 pulcherrimi
1214 3296 1243 3337 et
1268 3290 1364 3338 muniti
1387 3291 1507 3357 speciem
1524 3288 1567 3337 ha·

396 3392 398 3397 ,
478 3359 550 3410 beat.
573 3357 726 3409 aedificavit
744 3375 852 3426 quoque
871 3358 924 3419 duo
938 3361 1061 3430 speciosa
1082 3370 1110 3409 et
1127 3361 1216 3426 ampla
1235 3360 1337 3427 palatia
1359 3359 1388 3409 in
1409 3369 1489 3427 parte
1507 3358 1567 3409 sini-

480 3440 534 3480 stra
555 3431 666 3479 exeunti
694 3447 708 3479 e
730 3428 907 3496 patriarcheo,
930 3444 1014 3497 prope
1039 3432 1242 3480 sacratissimam
1263 3428 1431 3497 patriarchae
1452 3431 1563 3492 cellom3

478 3503 512 3549 ad
534 3500 600 3549 haec
619 3502 763 3569 coquinam
797 3509 823 3549 et
850 3500 1037 3549 molendinum
1066 3502 1177 3568 insuper
1199 3501 1267 3548 vasis
1289 3497 1368 3549 sacris
1387 3516 1510 3567 magnam
1528 3514 1566 3549 ec-

479 3572 586 3622 elesiam
613 3572 688 3619 airxit
713 3580 740 3620 et
758 3572 881 3631 ornavit,
900 3569 1039 3629 turibulo,
1061 3572 1142 3637 pelvi,
1161 3570 1461 3631 candelabrisduobus,
1480 3588 1512 3621 ex
1529 3585 1567 3617 ar·

478 3651 559 3709 genta
573 3641 705 3702 omnibus,
723 3656 776 3690 ‘nec
794 3656 851 3691 non
867 3640 926 3689 aliis
945 3642 1033 3707 magni
1048 3642 1130 3709 pretii
1149 3650 1176 3691 et
1189 3640 1341 3709 splendoris
1362 3657 1395 3690 ex
1406 3658 1474 3693 auro
1493 3649 1568 3692 uten-

471 3714 573 3763 'silihns
595 3712 673 3761 sacris
692 3717 720 3760 et
739 3710 868 3759 vestibus.

549 3788 609 3849 Erat
630 3812 710 3864 porro
730 3796 774 3845 hlc
794 3796 944 3864 patriarcha
975 3795 1116 3847 admodum
1140 3795 1256 3863 superbo
1285 3796 1404 3863 ingenio,
1423 3804 1452 3848 et
1474 3796 1567 3862 gloriae

461 3907 462 3910 η
479 3879 586 3938 praeter
609 3868 717 3918 modum
737 3867 823 3917 avido.
861 3868 922 3923 hinc
937 3868 963 3916 in
984 3885 1090 3934 magnas
1111 3868 1325 3917 concertationes
1340 3884 1398 3916 cum
1417 3865 1568 3918 venerando

480 3942 635 3989 clericorum
656 3947 734 3988 coetu
763 3946 864 3987 etcum
897 3938 960 3987 viris
979 3940 1124 3989 nobilitate
1154 3937 1352 4005 praestantibus
1372 3938 1455 3989 venit.
1492 3945 1568 4005 atque

480 4020 511 4058 ut
529 4011 579 4059 sibi
601 4010 737 4059 adiutores
770 4007 937 4058 adversariae
964 4008 1089 4060 factionis
1115 4008 1326 4076 prosternendae
1355 4022 1433 4057 causa
1465 4015 1567 4076 paratos

390 4130 392 4135 ,
481 4078 602 4128 haberet.
621 4080 722 4129 nuntiis
748 4080 850 4129 emissis
882 4088 992 4130 cunctos
1012 4081 1129 4131 Orientis
1150 4074 1306 4135 Occidentis
1335 4086 1363 4128 et
1391 4076 1569 4147 Peloponnesi

484 4149 624 4214 pontifices
643 4150 820 4215 congregavit.
857 4152 901 4217 qui
923 4169 981 4201 cum
1000 4153 1146 4207 venissent,
1164 4151 1192 4199 in
1212 4167 1306 4217 magna
1326 4147 1439 4197 ecclesis
1462 4163 1569 4215 congre-

483 4218 537 4283 gati
572 4226 642 4267 sunt.
680 4220 783 4283 synodo
802 4228 891 4270 nutem
914 4222 1001 4284 facta,
1029 4216 1272 4289 ipsum'Simoniae
1299 4220 1475 4271 convicerunt
1496 4229 1570 4270 etex

404 4308 407 4313 ·
484 4287 617 4337 sententia
637 4303 769 4338 sacrorum
789 4292 1000 4357 apostolicorum
1027 4306 1160 4344 canonum
1179 4290 1320 4357 pontificio
1341 4288 1442 4341 throno
1462 4290 1571 4359 patriar·

484 4355 615 4421 chicoque
635 4355 737 4407 honore
756 4358 922 4411 deiecerunt.
1547 4376 1550 4380 ·

554 4440 710 4510 Exemplum
730 4443 899 4521 deiectionis.
