3692 5350
665 573 989 640 perarmemus.
1305 543 1384 642 stt
1460 671 1467 680 ‚

277 725 513 808 Μονεμβασιλις
533 721 760 806 όρχιερατικόν
781 721 896 804 θρόνον
915 722 983 806 ἔχει
1007 726 1227 812 καθῃρημένον
1249 726 1306 791 καὶ
1325 750 1379 809 με.

277 826 485 910 γυμνωμόνον
505 821 609 905 πάσης
629 818 802 906 ἱερωσύνης
824 823 1128 907 νιαόόρχιερατικῆς
1150 824 1241 902 α’ξιίις
1263 823 1297 890 τό
1318 823 1406 891 σό-,

278 932 378 990 νολον.
437 918 540 996 οότοος
560 922 594 984 ἐν
616 918 693 1006 ἁγίῳ
717 923 968 1004 α’ποφαινόμεθα
995 921 1159 1001 πνεόματι.
1204 924 1324 998 πάντας
1345 928 1381 992 δὲ

279 1024 358 1098 τούς
378 1021 568 1101 όπανταχοό
588 1019 831 1099 εὑρισκομένους
853 1022 1045 1102 όρθοδόξυυς
1066 1023 1282 1104 Χριστιανοός
1305 1021 1381 1108 ἔχο-

253 1131 339 1204 5μεν
364 1121 593 1204 εόλογημὲνους
615 1117 670 1180 κατ’
691 1123 957 1201 συγχωρημένους
978 1123 1012 1184 ἐν
1036 1120 1114 1207 όγόῳ
1129 1119 1294 1203 πνεύματι.
1317 1123 1382 1203 μό..

281 1231 374 1287 λιστα
399 1223 453 1297 δὲ,
489 1214 621 1304 όυουςό
640 1215 816 1296 κατάρατος
845 1221 963 1292 ἐκεῖνος
983 1218 1156 1303 ἤφιόριυεν,
1177 1220 1196 1301 ἦ
1218 1222 1383 1305 μετριότης

229 1313 232 1320 ’
280 1320 372 1403 ἡμῶν
392 1320 431 1404 τῇ
453 1312 681 1402 παντοόννόμῳ
710 1314 836 1400 ἐξουσίᾳ
857 1319 913 1377 τοῦ
934 1319 1027 1380 θείου
1056 1321 1111 1381 ιιαί
1130 1321 1309 1400 ζωαρχικοῦ
1328 1322 1384 1384 κατ’

282 1416 571 1496 παντοκρατορικοῠ
604 1413 783 1490 πνεύματος
807 1411 873 1494 ἔχει
897 1415 1124 1498 εόλογημὲνους
1145 1420 1198 1479 καί
1219 1441 1383 1498 συγκεχω.

283 1520 442 1599 ρημὲνους
463 1513 518 1575 καί
539 1514 728 1602 λελυμένους
760 1511 814 1576 nai
832 1516 1022 1597 ἐλευθέρους
1045 1518 1164 1593 δεσμοῦ
1188 1538 1221 1579 τε
1242 1519 1297 1579 καί
1317 1520 1383 1580 ε’νο.

240 1618 353 1698 λθχῆς·
407 1608 508 1688 οὕτως
539 1610 593 1674 καί
622 1609 697 1693 περὶ
715 1609 831 1675 τοότων
864 1614 898 1676 ἐν
920 1613 998 1700 οἶμἰρ
1021 1614 1267 1698 ἀποφαινόμεθα
1289 1614 1386 1680 πνεό.

282 1738 372 1795 ματι,
394 1703 433 1774 οὗ
460 1709 545 1774 αἰτόα
576 1707 732 1792 πρακτικὴ
769 1710 896 1788 α’μέσαις
928 1711 947 1795 ἦ
972 1710 1167 1795 προσκυνηταὶ
1191 1718 1249 1775 τοῦ
1267 1710 1395 1794 πατρὸς,

283 1808 422 1894 όπόρχει
443 1808 627 1883 όπόοτασις.
679 1804 752 1871 ὅθεν
786 1817 853 1884 τοῖς
874 1809 1061 1891 ἁπανταχοῦ
1081 1813 1309 1893 όηλοποιοῦμεν
1332 1805 1386 1895 όρ-
1466 1846 1468 1849 -

283 1908 430 1986 θοδόξοις
458 1912 666 1989 Χριστιανοΐς
688 1907 727 1970 τό
751 1911 819 1970 κοτ’
840 1910 960 1993 ου’τοό,
989 1907 1106 1992 ἵναμή
1129 1933 1177 1983 τις
1200 1907 1281 1986 όλοος
1300 1912 1388 1997 ου’τηῖ

284 2011 445 2094 προσέλθῃ
479 2006 632 2088 τόςῖχνος
666 2005 770 2088 ἔχοντι
792 2004 988 2093 ἱερωσύνης,
1021 2011 1103 2092 μήτε
1136 2010 1199 2092 μην
1220 2015 1388 2091 συγχόοιτο

243 2104 367 2182 ι5όλιυς
390 2110 431 2194 τῷ
447 2107 623 2193 ἐκχεομένῳ
658 2102 709 2168 ὕπ’
739 2107 840 2170 αὐτοῦ
863 2107 1046 2194 όφυρισμῷ.
1100 2133 1144 2171 ων
1167 2107 1271 2172 εἵνεκα
1291 2108 1347 2172 καί
1364 2104 1385 2189 ἦ

285 2203 560 2287 παροόσιιηῆμῶν
591 2203 749 2289 ἔγγραφος
777 2202 941 2292 α’πόφασις
972 2209 1005 2270 ἐν
1039 2207 1191 2289 ἑγιιόκλου
1224 2209 1389 2289 ἐπιστολῆς

288 2305 478 2367 α’πολέλνται
500 2301 590 2374 εἴδει.
1244 2312 1248 2317 ’
1355 2360 1360 2366 ⁴

368 2397 447 2483 Εόχε
469 2405 503 2464 δὲ
527 2404 581 2464 καί
607 2399 661 2464 διαὶ
682 2405 737 2485 τῆς
752 2405 859 2483 τιμίοις
875 2406 1107 2487 πατριαρχικῆς
1131 2399 1240 2487 χειρός
1255 2401 1288 2466 τό
1312 2405 1391 2488 μηνὶ

288 2503 407 2586 Ἰουνίαν
429 2503 623 2574 ἰνόικτιυόνος
645 2501 695 2582 ιβ.
833 2509 834 2512 ’

245 2613 280 2668 20
366 2593 472 2678 Ὅμως
493 2596 509 2662 ό
534 2597 732 2685 πατριάρχης
764 2601 817 2662 tta
848 2595 971 2682 ἔγραψε
1002 2599 1096 2679 μόνον
1118 2596 1237 2681 ταότην
1256 2595 1311 2681 τὴν
1333 2623 1390 2661 κα-

289 2700 438 2783 θαίρεσιν
459 2700 516 2761 τοό
536 2701 724 2781 Ἁρσενόσυ·
777 2696 842 2783 α’μη
874 2701 930 2762 καί
949 2700 994 2773 εἰς
1024 2698 1081 2780 την
1102 2700 1234 2782 Κρήτην
1271 2697 1325 2761 καί
1345 2700 1391 2773 εἰς
1470 2696 1478 2707 “

290 2978 343 3027 lem
362 2976 565 3029 Monembasiae
590 2977 681 3029 sedem
702 2996 879 3047 progressum,
899 2986 1041 3030 constante
1055 2978 1189 3047 sententia
1210 2976 1273 3029 iude
1294 2976 1391 3030 deiicit

292 3056 328 3102 et,
341 3064 389 3115 pro
408 3047 514 3099 deiecto
533 3048 634 3112 habet,
656 3052 729 3101 omni
750 3048 856 3119 prorsus
877 3049 1027 3100 sacerdotio
1050 3058 1078 3100 et
1098 3049 1236 3118 pontificia
1259 3049 1390 3115 dignitate

294 3126 416 3169 exutum.
454 3118 522 3169 haec
541 3127 582 3170 est
596 3122 730 3172 sententia
746 3130 853 3185 uostra3
874 3136 954 3189 quam
968 3122 994 3169 S.
1010 3122 1107 3189 spiritu
1126 3130 1235 3170 auctore
1249 3129 1276 3170 et
1291 3137 1392 3188 approq
1428 3146 1435 3155 =

291 3188 388 3239 batore
407 3188 435 3239 in
455 3189 544 3255 ipsum
559 3192 774 3257 pronuntiamus.
823 3208 837 3241 e
860 3192 994 3243 contrario
1017 3208 1079 3241 vero
1104 3200 1214 3243 cunctos
1233 3192 1293 3259 pios
1314 3191 1392 3240 chri-

292 3260 405 3319 stianos,
425 3258 581 3329 ubicunqne
602 3261 720 3312 iocorum
748 3270 828 3323 sunt,
855 3260 1047 3311 benedictione
1073 3270 1163 3312 nostra
1192 3264 1391 3330 prosequimur,

291 3329 453 3398 veniamque
472 3329 527 3379 iliis
556 3340 727 3397 peccatorum
756 3332 848 3383 damus
874 3330 907 3381 de
935 3331 1076 3381 voluntate
1107 3340 1135 3381 et
1154 3349 1205 3401 ope
1224 3332 1250 3379 S.
1270 3332 1390 3398 spiritus.

291 3400 407 3450 maxime
417 3407 515 3463 ,antem
539 3400 612 3463 iilos,
630 3418 808 3472 quoacunque
828 3408 967 3453 execratus
987 3401 1038 3451 iste
1058 3418 1072 3449 a
1092 3402 1280 3450 communione
1301 3400 1390 3450 eccle-

292 3471 349 3521 siae
370 3470 466 3529 eiecit,
487 3469 657 3522 mediocritas
679 3480 790 3531 nostra,
810 3474 998 3539 omnipotente
1026 3479 1162 3539 potestate
1183 3471 1269 3519 divini
1291 3468 1389 3519 vivifici

293 3547 321 3590 et
341 3540 535 3607 omnipotentis
555 3542 674 3609 spiritus,
696 3542 856 3593 benedictos
876 3551 969 3592 censet
996 3549 1025 3591 et
1042 3542 1145 3591 veniam
1165 3548 1323 3589 consecutos
1343 3556 1389 3589 so-

293 3611 421 3677 lutosque
442 3619 468 3660 et
488 3610 586 3661 iibri-os
606 3614 712 3663 viuculo
726 3622 753 3663 et
774 3622 858 3675 reatu.
895 3611 964 3661 hanc
977 3612 1138 3661 seutentiam
1160 3611 1194 3659 de
1214 3610 1278 3676 ipsis
1297 3610 1388 3670 etiam,

292 3697 342 3749 per
362 3680 485 3747 spiritum
507 3692 625 3731 sanctum
642 3683 856 3751 pronuntiamus,
877 3684 953 3732 cuius
965 3697 1044 3731 causa
1056 3679 1211 3731 immediate
1230 3678 1389 3746 productrix

292 3749 429 3800 adoranda
449 3752 532 3818 patris
552 3760 591 3803 est
611 3753 769 3821 hypostasis.
808 3753 879 3804 unde
900 3753 1025 3812 cunctis,
1044 3752 1252 3821 quibuscunque
1270 3750 1299 3798 iu
1319 3749 1387 3799 [ocis

292 3828 365 3881 scrut,
395 3828 464 3871 recte
492 3822 670 3874 sentientibus
696 3824 854 3875 Christianis
883 3832 949 3874 nota
971 3823 1081 3873 facimus
1109 3832 1179 3889 quae
1207 3827 1300 3870 contra
1327 3836 1388 3869 eum

293 3890 403 3956 egimus,
421 3898 451 3941 ut
470 3907 503 3940 ne
517 3893 626 3943 omnino
646 3894 787 3963 qnisquam
806 3894 839 3944 ad
858 3894 947 3961 ipsum
967 3892 1077 3943 accedat
1098 3901 1227 3960 tanquam
1245 3891 1388 3955 vestigium

291 3959 437 4027 habentem
466 3962 628 4024 sacerdotii,
660 3981 750 4033 neque
781 3965 838 4014 ulio
866 3964 945 4024 modo
964 3961 1145 4013 contundatur
1171 3953 1254 4011 eiiusa
1274 3959 1307 4009 ab
1328 3960 1387 4027 ipso

290 4032 581 4098 excommunicatione.
628 4036 728 4103 quibus
757 4034 790 4083 de
818 4035 904 4084 causis
931 4034 1010 4083 etiam
1043 4033 1110 4082 haec
1128 4032 1228 4098 scripta
1251 4030 1387 4081 sententia

292 4110 384 4151 nostra
403 4102 453 4151 sub
475 4104 621 4154 communis
640 4104 673 4155 ad
695 4120 788 4154 ornnes
808 4104 940 4172 epistotae
960 4103 1032 4153 edita
1053 4110 1095 4152 est
1114 4101 1209 4152 formu.

364 4187 549 4257 Subscriptum
576 4208 686 4261 quoque
709 4190 862 4242 veneranda
894 4189 1060 4258 patriarchae
1087 4204 1167 4239 manu
1196 4194 1269 4247 erat,
1296 4199 1388 4235 mense

293 4258 381 4318 iunio,
403 4259 552 4310 indictione
571 4262 628 4311 ΧΗ.

362 4343 431 4393 Turn
451 4345 601 4411 patriarcha
620 4364 674 4396 nou
694 4352 798 4396 tautum
820 4344 889 4393 lianc
908 4344 1012 4394 Arrenii
1034 4340 1251 4394 deturbationem
1272 4341 1388 4410 scripsit,

292 4416 485 4465 verumetiam
513 4417 541 4465 in
561 4417 662 4467 insutas
682 4418 786 4466 Cretam
809 4424 836 4467 ct
854 4412 970 4481 Cythera
999 4413 1107 4483 aliaque
1136 4414 1194 4465 loca
1213 4412 1387 4472 Venetorum,
