3692 5350
774 537 975 601 POLlTlCll.
1350 535 1394 600 71

302 685 467 772 ἐπορεύθη
490 690 525 751 δὲ
538 689 666 752 ’ἐκεῖθεν
678 687 733 751 κοιλ
752 691 788 753 έν
802 689 976 772 Μαγνησιληι
999 684 1076 751 κατὰ
1096 690 1153 751 τοῦ
1173 689 1315 772 ἀδελφοῦ
1338 692 1400 751 ου’-

299 790 361 854 rori
384 792 443 851 τοῦ
465 784 632 868 Κουρκούτ
656 789 798 870 τζελεπῆ,
826 791 881 852 καί
901 785 937 861 ὃς
957 784 1002 868 μὴ
1033 789 1181 870 δυνηθείς
1203 788 1397 870 ἀντιστῆναι,

301 891 454 971 ἐξέφυγεν
477 887 512 950 έν
535 885 641 964 τόποις
663 884 842 967 δυσβάτοις,
864 882 944 948 ὅπου
966 888 1176 966 συλλαβόντες
1199 883 1298 950 αύτὸν
1320 887 1399 950 α’πέ-

232 986 234 988 ’
302 990 427 1066 πνιξαν,
446 986 502 1050 καί
522 983 668 1066 έκόμισαν
696 983 829 1052 ένιύπιον
850 984 1003 1049 αὐτοῦτὸ
1026 987 1137 1066 νεκρὸν
1156 989 1248 1065 σῶμα
1271 984 1397 1055 τούτου.

274 1084 406 1167 5ἔμεινε
430 1088 465 1149 δὲ
495 1082 669 1150 ὅσουλτοὶν
690 1086 889 1168 Ἀχοομοὶτης
914 1083 931 1147 ὁ
959 1076 1053 1159 ἄλλος
1084 1083 1223 1169 α’έελφός
1242 1082 1276 1149 έν
1295 1084 1399 1165 Ἀμα-

302 1192 369 1274 σίᾳ,
390 1188 587 1268 διεφημίσθη
609 1187 643 1248 δέ
667 1179 716 1248 ὅτι
737 1186 901 1267 στρατεύει
923 1181 1002 1247 κατὰ
1024 1189 1082 1246 τού
1105 1185 1258 1268 α’δελφού.
1300 1183 1399 1260 αύτύς

302 1289 341 1352 δὲ
366 1286 502 1360 συνύξος
522 1283 658 1365 στρατὸν
691 1288 802 1366 ἐξῆλθε
831 1286 940 1368 μα’χην
969 1285 1118 1366 ποιῆσαι·
1162 1279 1258 1348 ὅντιον
1281 1285 1316 1347 δὲ
1336 1287 1398 1348 τῶν

302 1380 457 1447 πλειόνων
474 1381 689 1464 Καραμάνοον,
710 1388 891 1467 συμπλοκῆς
907 1388 1086 1468 γενομένης,
1098 1386 1335 1466 προσετέθησαν
1354 1385 1399 1470 τῷ

305 1482 445 1547 σοολτύν
468 1485 597 1570 Σελίμη.
640 1485 695 1547 καί
715 1480 814 1558 ultor
839 1486 1099 1567 ἐγκαταλειφθείς
1120 1484 1215 1563 μόνος
1235 1481 1313 1563 μετὰ
1334 1485 1398 1546 τῶν

255 1585 424 1646 1θσίιτείανν
444 1586 498 1666 τῆς
517 1577 633 1645 ἑαυτοῦ
656 1584 790 1665 Πύρτας
815 1584 869 1645 καί
888 1577 973 1646 ίίκοιν
994 1582 1169 1677 παρεδόθη.
1221 1585 1398 1661 κομίζοντες

303 1685 341 1748 δέ
366 1686 466 1760 ζῶντα
495 1682 573 1764 πρὸς
598 1681 654 1745 τὸν
675 1680 815 1767 αἰλελφὸν
838 1677 939 1745 adteri
961 1684 1079 1761 τοῦτον,
1105 1681 1160 1746 καί
1178 1682 1397 1761 α’·ξιούνταμε·

300 1783 409 1864 γέλως
422 1784 476 1847 ἵνα
490 1781 682 1867 συνομιλήοη
696 1782 793 1868 αύτῷ,
818 1777 898 1856 ὅλως
920 1780 937 1843 ri
959 1780 1096 1846 σουλτύν
1117 1784 1251 1864 Σελίμης
1270 1781 1308 1843 ού
1338 1805 1396 1843 κα.
1487 1831 1491 1835 ,

300 1885 473 1962 τειλέξατο,
501 1881 580 1944 oillei
610 1886 724 1956 νεύσας
750 1880 862 1966 μόνον,
897 1875 1027 1966 ἄραντες
1055 1881 1226 1954 ἀπέπνιξαν
1249 1881 1343 1944 αύτόν
1363 1903 1396 1944 τε

302 1985 360 2044 καί
382 1981 454 2056 τοὺς
472 1979 530 2045 δύο
554 1978 645 2055 υἱούς
666 1983 775 2045 adrat.
1288 2052 1290 2057 y

257 2082 291 2134 15
388 2074 499 2155 Οὕτως
521 2074 577 2144 οὖν
600 2081 757 2164 α’φανίσας
778 2069 938 2166 ἀδελφούς
963 2079 1018 2144 καί
1042 2079 1194 2160 ἀνεψιούς
1214 2081 1270 2143 καί
1286 2077 1396 2160 γενεοὶν

301 2177 405 2244 αὑτοῦ
424 2183 550 2260 πᾶσαν,
583 2183 707 2262 χαίρων
737 2190 801 2255 τοῖς
821 2179 974 2257 τοιούτοις
1007 2184 1061 2245 καί
1085 2176 1237 2263 ύπύρχων
1259 2176 1395 2264 φοβερὸς

300 2276 360 2341 καί
381 2281 501 2354 δίκαιος
522 2278 565 2354 aig
587 2277 603 2340 ti
627 2280 752 2354 πάππος
773 2280 884 2364 adtuli,
916 2281 1128 2363 έπαναπαύθη
1148 2276 1188 2341 τύ
1211 2279 1396 2356 καταθύμια

300 2375 395 2458 ὀροῖν.
438 2375 471 2441 ἓν
493 2381 528 2441 δέ
551 2379 648 2442 ἐποίει
670 2377 773 2442 κοινὸν
795 2378 900 2463 κακόν,
920 2376 965 2444 ὅτι
982 2383 1122 2463 συνεχῶς
1143 2381 1276 2460 συνῆγεν
1298 2370 1396 2458 ιῖργύφ

297 2499 370 2560 ριον
392 2476 477 2560 παρὰ
499 2482 561 2542 τῶν
582 2477 743 2563 ὑπηκόων,
763 2478 866 2554 δόσεις
887 2478 998 2553 καινοῖς
1029 2480 1168 2560 μελετῶν
1190 2476 1245 2541 καί
1268 2477 1393 2560 ὁρίζων,

252 2567 351 2650 θθαῖς
371 2573 386 2639 ri
409 2577 511 2661 πατὴρ
542 2581 643 2641 αύτοῦ
673 2581 740 2643 ov'd'
768 2576 848 2654 ὅλως
883 2583 1016 2662 έβύρυνε
1046 2579 1129 2643 τινά.
1173 2579 1333 2640 ἀπέκτεινε
1357 2579 1392 2640 δέ

299 2676 357 2741 καί
374 2675 429 2742 riv
449 2682 637 2765 Μουσταφᾶ
658 2684 797 2766 πασιᾶν,
828 2682 861 2744 έν
889 2680 992 2767 έγθρηι
1022 2678 1104 2760 ἔχων
1135 2676 1231 2741 αύτὸν
1258 2673 1310 2739 did
1340 2673 1392 2739 τὸν

298 2776 436 2841 σουλτύιν
463 2778 679 2863 Ἆχοομάτην,
710 2776 758 2845 ὅτι
779 2782 988 2863 ἐβουλεύσατο
1014 2783 1058 2880 τρῖ
1083 2780 1180 2863 ποτρέ
1204 2780 1257 2842 ἵνα
1276 2774 1390 2863 ποιήοη

297 2976 402 3028 viribus
422 2979 564 3031 resistendi
578 2980 726 3033 destitutus
746 2982 774 3033 in
793 2982 852 3034 loca
871 2998 977 3033 accessu
997 2981 1079 3034 ardua
1099 2990 1127 3033 et
1142 2980 1260 3032 difficilia
1279 2996 1307 3031 se
1325 2995 1390 3047 pro·
1420 3005 1424 3020 ι

299 3050 394 3116 ripuit.
433 3049 476 3100 hic
497 3053 555 3118 ipse
574 3053 794 3119 comprehensus·
812 3052 910 3105 chorda
937 3062 1028 3121 gutlur
1047 3054 1128 3103 elisur
1158 3060 1216 3113 est,
1234 3052 1338 3120 prolato
1361 3050 1391 3101 in

296 3129 470 3185 conspectum
493 3123 565 3172 illius
587 3122 714 3174 cadavere
734 3126 800 3175 eius.
821 3124 943 3175 substitit
966 3125 1034 3175 aller
1053 3126 1142 3186 stater,
1159 3124 1281 3174 soltanus
1301 3122 1390 3171 Achn-

296 3199 379 3251 mata,
398 3192 425 3240 in
445 3192 638 3260 urberlmasia3
659 3193 759 3263 dequo
779 3195 951 3246 disseminata
972 3196 1120 3257 foillano,
1141 3194 1273 3263 proficisci
1291 3193 1390 3243 inserta

296 3278 380 3310 rnanu
400 3271 491 3313 contra
511 3265 629 3315 fratrem.
667 3268 751 3317 exivit
770 3283 832 3317 sane
852 3267 910 3335 ipsa
922 3276 926 3283 ’
938 3269 1057 3318 exercitu
1075 3274 1245 3332 congregato,
1266 3264 1390 3314 commis-

296 3348 374 3381 surus
394 3350 518 3400 pugnam.
556 3335 602 3385 sed
622 3350 680 3385 cum
702 3337 787 3388 maior
806 3355 866 3403 pars
887 3340 1020 3389 exercitus
1035 3338 1256 3388 eiusCaromanis
1275 3352 1322 3385 seu
1342 3334 1389 3383 Ci-

297 3402 405 3465 licibus,
425 3414 566 3465 constaret,
586 3408 750 3459 transierunt
774 3408 819 3459 isti
849 3410 878 3459 in
901 3409 1005 3459 fervore
1033 3410 1128 3475 praelii
1155 3407 1188 3457 ad
1208 3415 1296 3474 partes
1319 3405 1389 3453 Seli·
1453 3458 1455 3462 ,

297 3488 368 3522 auae.
408 3475 445 3523 sic
465 3478 521 3543 ipse
543 3479 615 3527 solos
635 3495 693 3527 curn
713 3479 889 3529 familiaribus
913 3489 941 3531 et
964 3480 1056 3540 aeditis
1076 3479 1131 3529 suis
1151 3477 1269 3536 relictus,
1292 3491 1388 3543 quam·

296 3545 338 3592 vis
360 3544 469 3606 invitus,
492 3548 517 3595 in
537 3556 700 3615 potestatem
719 3549 835 3600 hostiom
855 3551 937 3601 venit.
985 3566 1064 3618 quem
1086 3566 1145 3599 cum
1163 3549 1251 3597 vivum
1270 3546 1299 3595 in
1320 3562 1388 3594 con-

296 3624 417 3681 spectum
447 3617 535 3667 fratris
562 3618 747 3679 adduxissent,
774 3637 869 3687 magno
894 3622 980 3671 oravit
999 3627 1096 3687 opere,
1115 3620 1209 3669 liceret
1227 3616 1277 3667 sibi
1295 3616 1387 3683 paneis

298 3686 489 3754 eumulloqui.
526 3705 615 3738 verum
635 3692 751 3756 praecisa
770 3690 820 3742 hoc
840 3694 863 3740 ei
884 3691 1056 3757 denegatum,
1076 3698 1104 3739 et
1122 3692 1180 3740 solo
1198 3697 1266 3739 nutu
1286 3686 1387 3751 signill-
1466 3721 1469 3726 ,

298 3763 385 3805 catum
407 3757 440 3805 iis
466 3759 512 3825 qui
539 3776 598 3809 eom
628 3760 772 3821 tenebant,
796 3762 862 3830 quid
891 3763 978 3812 lacere
1005 3760 1144 3810 deberent.
1180 3759 1209 3809 bi
1230 3756 1386 3818 abductum,

297 3826 486 3948 ρριρρυεῦγρρρνο
507 3831 662 3892 interclusa,
683 3841 858 3899 necaverunt5
877 3850 928 3883 nec
942 3834 1029 3901 iprum
1048 3830 1138 3893 modo,
1155 3829 1203 3881 sed
1218 3829 1287 3880 duos
1305 3829 1386 3878 etiam

368 3984 488 4035 Sublatis
508 3984 541 4036 ad
560 3986 631 4037 hunc
646 3986 752 4038 modurn
769 3988 904 4047 fratribus,
921 3987 1089 4055 patruelibus
1103 3995 1130 4037 et
1150 3986 1307 4053 cognatione
1327 3992 1386 4035 tola

266 4120 267 4123 Ἴ
298 4053 427 4121 (iucunda
447 4057 551 4108 scilicet
570 4060 593 4107 ei
615 4059 679 4108 talia
699 4068 788 4110 eraut:
816 4060 862 4126 qui
894 4077 921 4109 se
941 4057 1140 4108 formidabilem
1160 4058 1272 4107 etoitra
1291 4073 1386 4125 perso-

297 4142 388 4175 narum
408 4136 555 4195 respectum
576 4129 694 4179 iustitiae
716 4136 894 4188 executorem,
915 4130 1065 4178 inritatione
1079 4130 1120 4179 sui
1139 4128 1191 4188 avi,
1211 4128 1295 4178 videri
1310 4128 1386 4178 vole-

297 4194 356 4265 bat)
374 4199 574 4266 acquiescebat,
594 4200 680 4249 animo
700 4217 748 4248 suo
771 4199 938 4249 satisfactum
951 4216 1068 4254 cernens
1107 4216 1158 4247 arna
1174 4206 1263 4249 autem
1284 4217 1310 4250 re
1333 4216 1386 4265 pu-

297 4265 367 4316 blice
389 4284 482 4319 omnes
502 4270 645 4334 affligebat,
667 4266 740 4338 qu'od
761 4272 932 4321 continenter
948 4271 1076 4336 pecunias
1096 4288 1110 4319 a
1129 4270 1230 4321 civibus
1251 4272 1304 4320 suis
1327 4270 1385 4319 exi-

282 4335 385 4403 „gebat
406 4356 475 4391 nova
494 4340 607 4390 subinde
620 4340 720 4391 tributu
735 4342 887 4405 excogitans
908 4348 935 4390 et
948 4341 1089 4407 imperans,
1111 4342 1210 4410 quibus
1228 4352 1304 4411 paler
1323 4340 1385 4389 eius

298 4423 408 4477 prorsus
426 4411 559 4461 neminem
582 4420 743 4478 gravaverat.
786 4411 828 4463 liis
847 4420 874 4464 ut
893 4410 990 4463 caedes
1017 4411 1125 4469 adiecit.
1158 4414 1295 4468 interfecit
1313 4412 1382 4462 euim
