3692 5350
660 579 855 646 ursionis
884 567 1204 648 esmrlncmcl.
1427 575 1475 645 79

380 736 468 818 υάτη,
491 732 594 816 η’μὲρα
617 732 718 816 τρίτη.
744 728 831 812 ὅμως
850 726 990 816 ἦξευρεν,
1012 729 1060 797 ὅτι
1079 731 1146 805 πῶς
1167 726 1197 793 οἱ
1215 723 1367 809 Ῥωμαῖοι
1380 726 1474 812 ἔχουν

381 836 581 916 πατριάρχην
601 830 742 916 πάντοτε,
764 830 845 896 διότι
865 834 929 896 stoi
942 835 986 907 εἷς
1008 831 1065 915 την
1079 826 1285 910 πόλιν’ἔκαμε
1307 828 1360 893 τὸν
1380 835 1473 895 πλέον

380 930 503 1014 καιρόν,
527 933 601 1012 ripis
625 931 741 1013 νάπην
767 928 888 1014 ἑπάρη,
912 929 1058 1011 ἔσοντας,
1077 928 1159 992 tuot
1181 930 1352 1014 άφὲυτευεν
1372 928 1390 992 ὅ
1410 956 1471 995 πα·

379 1035 473 1112 τέρας
495 1029 596 1094 orituri
611 1028 745 1094 σουλτάυ
760 1027 949 1114 Μουράτης,
968 1033 1012 1107 εἰς
1030 1027 1088 1113 την
1107 1027 1374 1110 Ἀάριανοάπολιν.
1416 1035 1473 1095 κατ’

354 1122 493 1212 ὅῆξευρε
512 1127 548 1192 τά
568 1125 727 1208 ‘Populati
743 1127 843 1192 καλλά
860 1133 915 1194 καί
931 1131 1116 1213 λεπτότατα,
1137 1126 1191 1191 καί
1210 1127 1267 1202 τάς
1285 1128 1387 1206 τάξεις
1408 1131 1472 1193 τάν

375 1227 553 1308 ‘Posticulum
605 1227 712 1292 λοιπὸν
748 1227 914 1309 ἐθαύμασε
934 1232 1001 1303 πῶς
1028 1230 1080 1292 cliv
1099 1223 1217 1312 ὑπῆγεν
1237 1225 1254 1289 ά
1271 1229 1471 1312 πατριάρχης

378 1326 416 1391 νά
438 1325 492 1391 τόν
521 1327 736 1410 ἑπροοιιυνὴοη
765 1324 807 1402 τάς
840 1328 978 1413 άφέυτη,
1008 1330 1063 1390 καί
1091 1326 1247 1410 ἐθυμώθη
1278 1323 1397 1407 πολλά,
1416 1330 1472 1392 καί

378 1428 590 1507 ε’συλλοχίζετο
611 1430 646 1490 τί
663 1422 731 1490 sior
752 1429 852 1495 τοῦτο.
895 1427 950 1490 καί
969 1429 1002 1492 ἔν
1018 1430 1061 1513 τῷ
1081 1422 1150 1512 άμα
1171 1423 1279 1508 ἔπραξε
1299 1425 1374 1501 τοάς
1396 1434 1470 1511 κλη-

309 1559 312 1565 ¹
380 1521 495 1605 ριιιοάς,
518 1528 571 1588 καί
590 1519 675 1588 εἶπε·
718 1528 781 1590 ποῦ
802 1523 870 1589 tvai
900 1525 916 1590 ὃ
936 1524 1133 1610 πατριάρχης
1152 1549 1222 1610 σας,
1241 1527 1297 1590 καί
1317 1530 1371 1591 elie
1390 1519 1470 1609 ἦλθε

336 1625 477 1703 illarius
499 1623 717 1709 προυκυυὴοη,
741 1623 784 1699 uic
804 1629 981 1706 βασιλέανς
1018 1625 1097 1690 διότι
1131 1617 1229 1697 αὐτάς
1260 1623 1469 1702 ὃοουλτάυος

377 1721 527 1802 ἕπεθάμα
548 1721 647 1796 πολλά
669 1727 706 1787 υά
729 1723 825 1808 ὁμιλῆ
844 1724 924 1805 μετά
945 1726 1002 1789 τοῦ
1021 1724 1222 1807 πατριάρχου
1245 1729 1318 1806 περὶ
1337 1728 1468 1802 πίστεως

379 1826 435 1885 καί
454 1821 492 1884 νά
525 1824 629 1905 ἔρωτά
649 1821 704 1885 καί
728 1825 765 1886 νά
804 1822 953 1907 μανθάνη
982 1823 1022 1887 τά
1053 1824 1110 1888 τοῦ
1138 1829 1226 1889 θεοῦ.
1269 1820 1354 1904 ὅμως
1376 1817 1468 1888 εἶπαν

377 1916 479 1983 αὐτοῦ
499 1917 528 1984 οἱ
559 1920 709 2005 κληρηκοί
737 1915 788 1984 δ’τι
820 1919 882 1984 άπὸ
917 1921 1017 1986 πολὺν
1049 1922 1160 2003 καιρὸν
1189 1921 1388 2005 πατριάρχην
1415 1924 1468 1985 cliv

377 2016 508 2100 ἔχωμεν,
531 2015 638 2103 ἐπειδη
661 2018 677 2082 ot
699 2016 917 2104 πατριάρχης,
942 2019 1021 2084 ὀποῦ
1043 2012 1125 2103 ἦτον,
1147 2024 1366 2101 θεληματικάς
1388 2021 1466 2098 ζῶν-

334 2117 429 2192 15τάς
449 2141 504 2180 του
528 2113 629 2203 άφηιιε
657 2118 692 2182 τὸ
716 2122 834 2199 οιιαμνί
850 2142 921 2199 του,
945 2122 1000 2183 καί
1026 2118 1088 2182 άπά
1117 2119 1182 2183 τότε
1203 2113 1297 2181 άλλον
1319 2121 1371 2182 etv
1391 2116 1467 2183 ἐκά-

375 2239 472 2296 μαμε.
515 2215 570 2279 καί
592 2217 730 2291 άιιοάοας
749 2223 839 2282 τοῦτο
859 2218 875 2279 ὁ
903 2217 1070 2293 οουλτάυος
1090 2217 1226 2282 ἔπαυσεν
1246 2218 1307 2280 άπὸ
1329 2215 1384 2282 τάν
1404 2223 1466 2283 θα.

374 2313 435 2394 μόν
455 2312 533 2377 tuot
554 2309 630 2398 εἶχε,
651 2315 706 2379 καί
726 2321 849 2399 θέλημα
871 2320 945 2392 τούς
967 2315 1073 2400 ἔδωκε,
1094 2320 1149 2381 καί
1162 2313 1236 2391 τοάς
1252 2312 1335 2413 Ιεζπιη
1357 2312 1467 2381 ὅποιον

310 2415 311 2420 ’
374 2415 489 2476 θέλουν
518 2411 556 2478 υά
587 2414 707 2494 κάμουν
736 2414 816 2479 κατά
851 2415 907 2497 την
928 2419 1034 2480 αιότιν
1063 2438 1147 2490 τους.
1202 2417 1256 2480 καί
1274 2417 1365 2480 τοῦτο
1387 2413 1467 2479 ὅποά

375 2505 498 2576 alnensi
521 2514 707 2594 οουλτάνος,
740 2511 787 2578 ὅτι
809 2513 849 2578 νά
869 2513 990 2595 νάμουν
1010 2517 1227 2601 πατριάρχην,
1246 2516 1282 2578 τά
1306 2513 1403 2594 ἔκαμε
1423 2516 1465 2595 μὲ

331 2615 486 2697 ἓθτέχυην
506 2609 559 2676 διά
582 2608 621 2676 νά
643 2609 778 2677 άιιοάουν
800 2611 829 2677 οἱ
853 2617 1044 2698 Χριστιανοὶ
1065 2609 1115 2678 ὅτι
1137 2612 1232 2697 ἔχουν
1254 2612 1464 2700 πατριάρχην,

376 2714 430 2775 καί
448 2712 484 2776 νά
507 2711 643 2796 τρέχουν
665 2714 710 2788 εἰς
727 2713 784 2797 την
804 2710 901 2778 πάλιν.

336 3040 341 3049 ’
376 3034 461 3094 capta.
482 3033 546 3076 tunc
564 3024 611 3075 ille
627 3026 704 3077 scivit
716 3026 840 3075 Romanis
860 3040 905 3075 seu
920 3025 1030 3074 Graecis
1048 3041 1153 3095 semper
1171 3024 1255 3074 fuisse
1276 3022 1463 3093 patriarcham,

376 3105 518 3165 propterea
547 3096 620 3165 qrrorl
647 3096 696 3145 hac
714 3098 740 3145 in
771 3096 853 3157 urbe,
872 3104 1015 3165 antequam
1036 3112 1094 3146 eam
1112 3097 1236 3165 cepisset,
1256 3095 1314 3162 ipse
1333 3096 1463 3145 maiorem

373 3168 499 3234 temporis
519 3174 621 3233 partem
643 3164 867 3234 exegerat,'patre
887 3168 969 3234 ipsius
982 3168 1086 3217 Murato
1104 3166 1281 3233 Adrianopoli
1299 3165 1464 3219 dominante.

318 3254 322 3261 ·
373 3239 551 3305 noratitaque
563 3254 603 3287 res
614 3239 742 3287 Romanas
754 3245 780 3287 et
791 3236 900 3287 ordines
911 3236 1186 3306 gubernationemque
1194 3239 1371 3287 Romanorum
1379 3235 1465 3304 probe

344 3346 349 3353 ,
373 3317 401 3357 ct
419 3317 519 3357 exacte.
535 3307 650 3376 proinde
660 3307 878 3376 mirabaturquirl
892 3325 988 3358 causae
1007 3317 1077 3359 esset
1092 3308 1166 3378 quod
1180 3306 1329 3377 patriarcha
1343 3324 1399 3357 non
1417 3324 1464 3358 ve.

373 3380 443 3429 niret
459 3379 491 3427 ad
511 3395 538 3427 se
555 3379 714 3447 suppliciter
724 3378 833 3428 lionoris
843 3394 929 3439 causa,
939 3396 987 3447 pro
998 3377 1108 3430 domino
1120 3395 1277 3446 agnoscens3
1287 3378 1379 3445 iraque
1389 3394 1464 3427 com·

372 3456 460 3499 motus
478 3448 613 3516 cogitabat
623 3448 687 3518 quid
700 3448 750 3499 hoc
762 3451 798 3498 rei
811 3456 888 3499 esset.
909 3465 940 3498 ac
951 3452 1078 3501 continuo
1096 3451 1185 3500 accitis
1197 3447 1383 3500 ecclesiasticis
1401 3448 1465 3499 viris

374 3520 444 3568 dixit
462 3520 526 3569 “ubi
547 3527 587 3569 est
607 3521 652 3587 qui
672 3518 837 3587 patriarchae
856 3537 953 3570 munus
971 3520 1071 3586 gessit?
1108 3538 1191 3591 quare
1211 3536 1266 3571 non
1289 3518 1408 3580 accessit,
1429 3526 1460 3569 ut

331 3584 335 3589 ’
372 3589 440 3639 mihi
459 3588 586 3659 tanquam
610 3591 664 3657 regi
687 3591 863 3641 reverentiam
882 3589 999 3641 debitam
1020 3590 1195 3642 exhiberet?”
1231 3590 1297 3651 haec
1317 3588 1461 3639 soltanus:

375 3678 469 3727 magua
489 3663 558 3711 enim
584 3661 642 3709 eius
661 3663 778 3710 animum
813 3662 960 3711 incesserat
987 3662 1086 3732 cupido
1111 3660 1219 3712 videndi
1237 3657 1415 3731 patriarcham
1436 3668 1464 3711 et

304 3731 310 3749 ¹
376 3748 435 3781 curn
454 3749 486 3782 eo
505 3730 539 3781 do
562 3730 692 3799 religione
713 3731 905 3800 colloquendi.
926 3740 955 3782 ut
974 3749 1006 3782 ex
1028 3750 1060 3784 eo
1079 3750 1209 3801 quaerens
1229 3748 1269 3782 res
1292 3729 1396 3780 divinas
1416 3747 1463 3781 co·

375 3810 522 3869 gnosceret.
544 3810 609 3851 tunc
629 3802 824 3870 responderunt
842 3805 866 3852 ei
882 3803 970 3852 clerici
990 3803 1030 3853 illi
1044 3804 1114 3853 “ism
1134 3821 1149 3853 a
1168 3804 1249 3869 longo
1263 3810 1384 3868 ternpore
1406 3818 1462 3851 non

375 3872 506 3922 habemus
524 3871 709 3939 patriarcham.
755 3874 801 3941 qui
828 3874 899 3923 enim
926 3873 1159 3941 patriarchasuit,
1179 3890 1225 3923 sua
1248 3881 1354 3940 sponte,
1375 3870 1463 3923 adhue
1512 3911 1515 3916 f

373 3945 474 4002 vivens,
493 3944 583 3993 sedem
604 3959 677 3992 suam
698 3943 821 4011 reliquit;
846 3952 874 3995 et
896 3942 930 3992 ab
955 3959 987 3994 eo
1005 3954 1127 4013 tempore
1144 3944 1250 3993 nullum
1272 3942 1356 3991 alium
1380 3946 1462 3992 suffe-

372 4016 481 4063 cimus”
525 4012 577 4063 hoc
595 4030 640 4063 rex
658 4013 751 4063 audito
770 4015 882 4065 cessavit
900 4014 933 4063 ab
952 4016 989 4063 ira
1007 4032 1085 4084 quarn
1105 4021 1274 4081 conceperat,
1293 4028 1395 4080 saraque
1412 4030 1460 4063 vo·

371 4086 476 4135 luntate
495 4092 655 4151 potestatem
676 4086 713 4134 eis
733 4082 840 4132 creandi
860 4082 948 4142 dedit
970 4084 1059 4135 dicens
1077 4094 1143 4135 “vos
1164 4102 1225 4134 vero
1249 4084 1329 4133 facite
1348 4084 1462 4149 patriar-

371 4154 460 4214 cham,
490 4170 677 4223 quemcunque
702 4154 816 4213 voletis,
845 4170 877 4203 ex
896 4156 1060 4223 praescripto
1087 4155 1225 4220 religionis
1244 4156 1373 4204 vestrae.”
1410 4154 1462 4204 hoe

371 4234 476 4287 saitem,
497 4224 569 4294 quqd
593 4225 629 4274 ita
659 4223 692 4274 de
715 4222 839 4273 faciendo
861 4223 1010 4291 patriarcba
1030 4224 1116 4287 dixit,
1135 4243 1190 4276 non
1211 4240 1301 4275 amore.
1322 4223 1461 4289 religionis

288 4336 295 4347 .
370 4296 404 4345 ab
425 4312 457 4346 eo
478 4294 578 4345 dictum
601 4294 670 4357 luit,
691 4294 738 4345 secl
756 4294 862 4343 callide*
901 4294 988 4345 voluit
1007 4296 1110 4345 scilicet
1130 4304 1159 4346 ut
1179 4295 1337 4347 Christianis
1358 4294 1461 4361 ubique

370 4366 497 4435 dispersis
517 4367 699 4417 innotesceret
717 4368 812 4415 ilerum
841 4379 964 4431 praeesse
982 4365 1179 4436 patriarcham
1205 4385 1260 4438 quo
1282 4366 1320 4417 sic
1338 4364 1373 4415 ad
1393 4380 1460 4415 con·

370 4436 510 4489 serendum
528 4452 556 4488 ss
573 4437 602 4507 iu
621 4434 713 4487 urbem
730 4434 912 4487 allicerentur.
