3692 5350
652 539 655 552 '
731 551 1082 668 narniauuurcr.’
1370 565 1439 640 its
1532 567 1538 579 ’

286 809 287 814 ¹
348 727 402 810 καί
422 728 484 790 τῶν
501 724 680 788 ἐπιλοίπων.
722 717 817 808 siria
838 732 1047 807 παρανομίας,
1068 725 1096 791 τό
1118 730 1174 811 τῆς
1194 730 1356 804 κολακείαις
1378 733 1441 793 τῶν

323 826 499 889 streuui.
542 826 563 884 o‘
585 822 711 905 γνήσιος
731 824 960 909 μητροπολίτης
983 829 1232 906 Μονεμβασίας,
1257 824 1274 890 ό
1301 829 1441 907 νομίμως

348 925 580 1006 χειροτονηθείς
602 921 687 1005 παρὰ
712 926 765 1004 τῆς
788 924 964 1005 όγνωτότης
990 928 1047 988 τοῦ
1068 921 1213 1010 Χριστοῦ
1232 923 1370 1008 μεγάλης
1390 927 1441 989 ε’κ-

350 1027 489 1105 κλησίας,
510 1019 687 1103 εὑρίσκεται
710 1018 818 1104 όγιης·
864 1024 919 1086 καί
931 1022 983 1086 διό
1005 1024 1042 1087 να
1068 1023 1262 1108 α’φενδεόοον
1282 1029 1301 1066 ⁴
1322 1023 1351 1088 οἱ
1374 1030 1440 1089 Βε-

325 1123 463 1185 5νὲτικοι
486 1122 540 1184 τόν
560 1119 676 1201 θρόνον
699 1121 812 1200 aizoi,
835 1123 1014 1200 οἷπεδίωξαν
1039 1123 1135 1187 αρ’τόν
1163 1124 1218 1187 καί
1238 1123 1312 1197 roric
1331 1124 1439 1207 προτι·
1530 1187 1533 1193 .

350 1225 460 1301 τέρονς
480 1223 534 1284 n’n'
567 1217 670 1309 αόγόν.
712 1225 765 1284 καί
786 1220 883 1296 ον’τός
912 1219 958 1304 μὴ
980 1220 1062 1303 ἔχων
1093 1228 1157 1285 ποῦ
1185 1221 1222 1287 vri
1245 1227 1376 1311 καθίσῃ,
1399 1223 1438 1294 ια’

256 1343 258 1348 ’
350 1318 433 1404 κόμῃ
455 1320 575 1402 θρόνον,
598 1321 715 1401 ὑπῆγεν
733 1322 778 1393 εἰς
792 1323 869 1398 μιάν
890 1319 1061 1403 ἐπισκοπὴν
1081 1321 1190 1402 αὐτοῦ,
1214 1323 1232 1406 ἦ
1253 1323 1346 1387 σ”ποῖα
1366 1318 1439 1405 η’τον

350 1417 368 1498 ἡ
391 1418 562 1502 Κορώνης,
584 1423 637 1482 καί
658 1418 726 1481 ἐκεῖ
742 1417 837 1497 ε”ιιαμε
858 1415 992 1502 θρόνον,
1015 1417 1065 1482 ότι
1085 1418 1155 1484 τότε
1179 1423 1195 1504 ἦ
1219 1424 1297 1507 αὕτη
1320 1421 1439 1504 Κοριό-

349 1539 403 1600 νης
424 1511 490 1597 εἶχε
514 1521 634 1600 πλῆθος
655 1521 743 1597 λαοῦ,
766 1512 922 1600 ἄρχοντας
942 1517 1097 1600 μεγάλους
1117 1519 1173 1583 καί
1193 1515 1308 1596 ἄλλους
1325 1525 1438 1606 χρησί-

307 1619 341 1672 10
349 1635 430 1692 μους
449 1609 568 1697 ἄνδρας
590 1614 644 1678 καί
662 1621 781 1698 πλῆθος
801 1614 879 1678 nolti
899 1619 957 1680 rosi
969 1620 1059 1680 λαοῦ.
1099 1622 1155 1682 καί
1177 1616 1309 1696 αιίτόςό
1335 1646 1438 1702 παρα-

350 1711 530 1795 νομιόιατος
551 1717 731 1797 Ἀρσένιος,
761 1716 873 1792 ζῶντος
901 1718 1001 1779 ου’τσῦ
1026 1719 1082 1779 rori
1101 1722 1229 1799 γνησίου
1253 1719 1437 1805 α’ρχιερέοος,

349 1812 441 1893 ἔλαβε
461 1811 513 1876 τόν
533 1811 649 1894 θρόνον
681 1814 784 1876 αὐτοῦ
803 1813 882 1894 μετό
913 1811 1077 1893 δυνάμεως
1105 1816 1355 1901 τιόνΛατίνων,
1383 1822 1439 1883 καί

348 1914 495 1993 ἐμοίχενε
516 1909 572 1995 την
595 1913 757 1993 ἐκκλησίαν
778 1915 923 1994 Χριστοῦ
951 1915 1007 1975 τοῦ
1027 1917 1115 1977 θεοῦ,

260 2045 262 2049 v
341 2077 345 2082 ,
429 2010 524 2076 Ἀλλὰ
547 2009 630 2074 ἴδετε
662 2011 716 2074 καί
735 2014 768 2074 τί
783 2015 983 2093 χειροτονίαν
1015 2009 1117 2092 ἔλαβε.
1159 2009 1362 2089 όέπίσκοπος
1383 2018 1499 2080 uur'148

304 2124 338 2176 15
348 2109 378 2175 οἱ
400 2109 494 2194 ἱερεῖς
522 2107 753 2189 damnaveritis
774 2114 1013 2195 μητροπολίτην,
1066 2110 1178 2196 φρίξον
1199 2110 1276 2198 ἥλιε,
1296 2119 1352 2177 καί
1368 2117 1437 2178 στί-

348 2217 440 2289 ναξον
463 2205 480 2292 ἦ
503 2213 560 2292 γη”,
589 2213 633 2284 εἰς
663 2211 719 2292 τη“ν
741 2212 889 2294 τοιαύτην
909 2214 1120 2293 παρανομίαν.
1172 2211 1439 2298 όμητροπολίτης

348 2309 450 2394 κάμνη
481 2311 648 2376 ἐπίσκοπον
675 2298 730 2373 καί
758 2308 854 2392 ἱερεῖς
883 2312 963 2374 κατὰ
992 2312 1027 2374 τό
1049 2313 1270 2396 α’ρχιερατικόν
1301 2314 1436 2395 οἷξίοιμα,

349 2410 390 2485 τός
412 2407 648 2490 διαλαμβανοόν
668 2407 698 2478 οἱ
718 2415 800 2474 θεῖοι
824 2409 971 2484 κανόνες·
1024 2412 1088 2494 α’μη
1110 2412 1126 2475 ό
1147 2417 1313 2487 ἐπίσκοπος
1334 2415 1389 2476 καί
1407 2411 1437 2477 οἱ

348 2507 443 2590 ἱερεῖς
465 2513 517 2574 dtr
547 2511 686 2586 κάμνοον
716 2512 953 2591 μητρρπολίτην.
1006 2514 1072 2585 παῖς
1091 2509 1129 2575 νό
1149 2514 1230 2593 γε’νει
1249 2508 1265 2574 ό
1285 2510 1355 2586 οἶός
1374 2539 1437 2575 πα-

304 2613 440 2690 ιθτέρας
462 2601 482 2692 ἢ
503 2608 518 2672 ό
532 2614 670 2689 πατέρας
684 2606 772 2688 οἱός;
795 2614 887 2672 τοῦτο
899 2607 965 2673 ἕναι
983 2608 1142 2678 α’δόνατον
1156 2614 1209 2675 καί
1219 2612 1436 2694 ‘asseramus

325 2714 327 2721 ’
349 2712 406 2786 καίι
421 2708 699 2790 παρανομώτατον.
724 2708 789 2792 α’μη
804 2708 972 2792 όπατὲρας
985 2711 1089 2795 κόμνη
1102 2713 1196 2791 χρεία
1212 2712 1250 2775 ool
1262 2709 1330 2793 ἔχει
1342 2709 1437 2794 τιμην

350 2809 393 2885 ιός
417 2811 554 2893 πατέρας
575 2809 630 2875 καί
649 2806 770 2895 napoli}
790 2813 849 2872 rosi
868 2806 961 2872 olori·
1004 2808 1021 2872 ri
1046 2813 1082 2874 δὲ
1103 2808 1173 2884 οἰός
1193 2810 1232 2875 soi
1256 2808 1325 2894 ἔχει
1345 2810 1438 2895 τιμὴν

319 3127 321 3129 ¹
350 3064 578 3135 miserandorum!
600 3082 676 3117 verus
695 3065 897 3118 Monemhasiae
920 3067 1114 3135 metropolita,
1134 3067 1181 3136 qui
1200 3066 1320 3136 legitime
1339 3083 1354 3117 n
1375 3085 1438 3119 san·

299 3144 311 3183 .’
351 3138 469 3189 ctissima
479 3137 578 3188 Christi
596 3138 707 3188 ecclesia
728 3153 823 3204 magna
840 3136 980 3188 ordinatus
1000 3145 1065 3199 erat,
1084 3136 1159 3188 vivui
1178 3133 1324 3208 valensque
1343 3156 1438 3207 super-

352 3217 418 3260 erat.
469 3206 548 3258 huius
568 3207 692 3259 thronum
714 3210 790 3261 utin
810 3216 946 3277 potestate
964 3224 1011 3259 sna
1031 3208 1127 3259 Veneti
1148 3208 1288 3271 haherent,
1307 3209 1386 3260 etde
1405 3226 1437 3261 eo

352 3278 427 3348 quod
445 3277 542 3329 liberet
561 3279 689 3341 lacerent,
707 3279 869 3348 expulerunt
886 3286 943 3329 tum
961 3279 1048 3345 ipsum
1067 3286 1122 3329 tum
1142 3288 1323 3330 antecessores
1343 3280 1436 3347 ipsius.

351 3352 375 3400 is
395 3365 456 3417 ergo
475 3366 529 3400 non
547 3348 649 3401 habeus
670 3348 716 3400 uhi
731 3349 869 3411 resideret,
889 3348 936 3399 ubi
956 3347 1083 3399 thronum
1101 3351 1285 3412 constitueret,
1303 3350 1332 3399 in
1351 3367 1438 3417 queu-

343 3420 412 3474 ,dam
431 3437 538 3471 suorum
567 3420 769 3488 episcopatuum
792 3438 820 3471 se
838 3420 971 3479 contulit,
990 3421 1036 3487 qui
1057 3428 1113 3469 erat
1135 3420 1163 3469 in
1182 3422 1289 3471 civitate
1308 3420 1439 3470 Coronae.

352 3491 390 3541 ibi
411 3492 503 3558 posuit
520 3490 570 3541 sibi
598 3490 740 3553 thronum,
769 3490 843 3559 quod
860 3498 924 3541 tunc
946 3506 978 3541 ea
1006 3490 1099 3540 civitas
1118 3490 1245 3541 affluebat
1263 3489 1438 3541 multitudine

353 3563 464 3631 populi,
494 3562 632 3613 nobilibus
662 3572 689 3613 et
708 3561 863 3631 potentibus
886 3562 1004 3630 aliisque
1028 3560 1228 3629 praestantibus
1249 3561 1322 3620 viris,
1343 3578 1439 3628 magna

353 3632 471 3702 denique
489 3634 585 3684 cisium
604 3628 766 3702 frequentias
812 3634 870 3700 ipse
886 3649 950 3683 vero
973 3633 1117 3692 Amemus,
1139 3631 1330 3681 iniustissimus
1349 3631 1439 3695 homo,

352 3705 458 3754 vivente
483 3704 568 3771 ipsius
595 3720 718 3771 germano
738 3704 868 3772 pontifice
889 3704 1030 3769 occupavit
1053 3700 1142 3752 sedem
1161 3702 1236 3761 eius,
1254 3718 1306 3768 ope
1326 3702 1439 3753 Latino-

353 3792 410 3842 rum
429 3775 521 3834 fretus,
543 3775 735 3843 ecclesiamque
756 3774 864 3834 Christi,
886 3772 930 3823 dei
951 3774 1052 3835 nostri,
1071 3772 1205 3823 adulterio
1224 3772 1387 3840 inquinavit.

424 3861 477 3913 Sed
497 3863 726 3929 operaepretium
758 3869 799 3911 est
822 3860 975 3911 examinare
1002 3860 1085 3928 ipsius
1102 3859 1297 3910 ordinationem
1324 3876 1370 3909 seu
1390 3860 1441 3910 ‹le-

352 3932 537 3994 clarationem,
560 3933 646 4000 qualis
665 3932 794 3982 extiterit.
831 3933 972 3999 episcopus
992 3939 1020 3980 et
1039 3928 1191 3980 sacerdotes
1210 3931 1296 3998 ipsum
1317 3937 1441 3982 crearunt

353 4005 562 4071 metropolitam.
599 4003 722 4053 horresce
742 4002 790 4062 sol,
805 4002 950 4069 ingemisce
970 4010 1049 4064 terra,
1069 3999 1199 4051 ad‘istam
1218 4002 1308 4067 legum
1329 4002 1441 4052 concul-

352 4077 493 4125 cationem.
531 4073 703 4142 metropolita
736 4072 800 4123 lacit
826 4072 982 4140 episcopum
1009 4081 1036 4121 et
1056 4070 1208 4121 sacerdotes
1232 4088 1281 4139 pro
1300 4073 1440 4141 pontificia

351 4145 483 4213 dignitate
503 4154 530 4195 et
548 4145 719 4213 praescripto·
731 4158 862 4193 sacrorum
884 4155 1026 4203 canonum,
1047 4159 1102 4192 nou
1122 4142 1180 4192 vice
1199 4159 1275 4210 vepsa
1294 4144 1438 4212 episcopus

352 4226 380 4268 et
400 4216 552 4269 sacerdotes
582 4214 789 4283 metropolitam.
823 4229 904 4281 quae
936 4222 976 4264 est
1000 4213 1051 4262 ista
1079 4214 1254 4281 perversitas,
1273 4214 1439 4266 uthliusin

351 4297 454 4357 patrem
477 4295 595 4339 transeut
624 4296 671 4336 aut
690 4294 765 4352 pater
792 4285 820 4333 iu
839 4282 942 4335 lilium?
978 4282 1035 4333 fieri
1054 4282 1105 4333 hoc
1124 4293 1306 4353 nonpotest,
1326 4286 1439 4353 impium

353 4369 411 4421 est,
439 4359 575 4425 alegibus
604 4356 737 4407 abhorret.
785 4354 833 4405 sed
852 4353 997 4405 necessitas
1023 4353 1126 4421 flagitat
1154 4363 1184 4407 ut
1202 4364 1280 4425 pater
1306 4355 1437 4407 honorem

353 4431 453 4482 habeat
470 4430 553 4499 patris
572 4438 599 4479 et
620 4430 653 4480 sit
673 4436 753 4497 caput
768 4426 826 4489 filii,
853 4425 924 4477 filius
942 4425 1057 4477 vicissim
1076 4426 1177 4479 honore
1195 4428 1298 4479 fruatur
1315 4428 1362 4496 qui
1381 4425 1436 4475 lilio

620 4644 631 4677 l
