3692 5350
695 583 1016 648 PATRIARCHICA.
1332 581 1402 659 103

312 732 441 820 φλισριά
467 738 573 815 χίλια.
617 735 672 796 καί
700 737 807 807 τυῦτος
834 733 909 814 ου’χί
933 729 1031 810 μόνον
1062 730 1101 793 τά
1126 736 1312 818 καθηρηθῇ,
1336 732 1403 816 α’μη

309 839 374 918 καί,
396 833 484 897 nutv
503 832 577 908 τυάς
597 831 754 908 unimoda
773 829 948 916 αἱρετικοάς
961 832 1170 915 πατριάρχας,
1193 830 1231 895 νά
1247 832 1299 895 τὸν
1323 835 1404 894 α’να-

311 935 506 1009 θεματίσσυν
531 935 587 994 κατ’
614 928 652 995 νά
686 930 739 995 τὸν
760 934 939 1014 ἒξσρίσσυν,
960 920 1043 992 διότι
1062 931 1131 994 τάτε
1153 927 1182 992 oi
1205 930 1404 1012 πατριάρχαι

311 1033 427 1092 κανένα
449 1029 552 1092 τάιοτε
576 1033 677 1113 δῶρον
697 1032 749 1093 div
770 1028 894 1093 ἔδειιῐαν
925 1032 969 1100 εἰς
989 1027 1045 1110 τὴν
1069 1030 1170 1108 πάρτα
1192 1032 1249 1090 τοῦ
1268 1028 1404 1093 σσυλτά-

285 1144 388 1196 5νσυ·
431 1118 503 1190 οὔτε
524 1126 624 1202 αὐτὸς
645 1126 660 1191 ὃ
681 1124 879 1216 πατριάρχης
901 1124 1158 1209 ὁΞυλοκαράβης
1181 1123 1307 1205 ἔδωκεν,
1329 1122 1403 1191 οὔτε

311 1223 342 1290 oi
365 1219 453 1290 ἄλλοι
476 1227 682 1310 πατριάρχαι,
704 1223 783 1290 ὀποῦ
804 1225 907 1308 ἒχιναν
932 1228 1102 1306 πρστι’τερα
1131 1229 1184 1301 ἀπ’
1206 1227 1315 1309 αὐτοῦ,
1339 1227 1401 1290 α’πὸ

310 1331 369 1413 τῆς
390 1324 505 1410 ἐπήρεν
529 1326 546 1390 ά
570 1324 665 1402 edric
686 1325 857 1400 σουλτάνος
877 1324 996 1408 ταύτην
1023 1325 1078 1407 τὴν
1103 1323 1402 1389 Κωνσταντινσάπσ-

310 1435 370 1512 λιν,
393 1425 501 1500 καθώς
521 1425 556 1490 τὸ
579 1429 775 1508 ἐγράψαμεν.
818 1428 871 1488 καί
892 1427 961 1504 μετ’
989 1423 1086 1508 αὐτην
1105 1423 1161 1507 την
1178 1416 1287 1487 άδικσν
1307 1447 1401 1489 συκσ·
1414 1442 1464 1493 125

312 1529 461 1612 φαντιάν,
485 1527 565 1588 irrasi
584 1520 676 1589 εἶπαν
695 1528 753 1588 τοῦ
772 1523 995 1608 πατριάρχου,
1017 1525 1178 1607 ἠθέλησαν
1196 1523 1235 1588 νά
1257 1521 1310 1588 τὸν
1331 1525 1403 1587 ἑκα.
1452 1553 1456 1561 ’

270 1625 436 1712 Ῑθθῄρσυν
456 1623 570 1688 natet
590 1624 644 1690 τόν
672 1622 888 1701 duodecimus,
908 1627 1048 1706 λε’χσντες
1079 1626 1147 1698 παῖς
1166 1619 1264 1704 ἔκαμε
1284 1621 1403 1707 ταάτην
1437 1641 1443 1646 ’

222 1759 224 1764 s
309 1725 368 1808 την
389 1723 487 1807 κακήν
508 1722 704 1809 προσθήκην.
747 1722 822 1787 ὅδὲ
842 1721 1040 1807 πατριάρχης
1071 1719 1211 1798 α’κυάσας
1229 1725 1334 1804 τοῦτο,
1355 1718 1404 1786 ὅτι

309 1822 405 1900 τιν’τὸς
425 1821 523 1887 ἔδωκε
552 1830 732 1901 πεσκέσιον,
763 1822 890 1908 φλωράα
909 1822 1020 1904 χίλια,
1050 1823 1095 1896 εἰς
1118 1822 1178 1904 την
1209 1822 1328 1906 πόρταν
1346 1826 1404 1887 τοῦ

309 1921 486 1989 σουλτάυσυ
520 1927 574 1987 καί
600 1921 681 2007 dytis
709 1923 926 2006 πατριάρχης,
954 1923 1090 2006 ἠθέλησε
1109 1919 1148 1985 νά
1172 1916 1328 2010 άπεθάνη,
1349 1924 1405 1984 καί

310 2013 448 2100 ὄμνυσιν
481 2017 593 2103 ὅρκους
614 2021 765 2108 φρικτοάς
794 2023 849 2085 καί
873 2019 1032 2106 φοβερσάς
1053 2021 1098 2094 εἰς
1117 2019 1152 2084 τὸ
1175 2025 1263 2084 θεῖον
1282 2023 1338 2084 καί
1355 2017 1404 2083 ἱε-

270 2145 301 2197 15
311 2122 369 2203 ρὸν
390 2123 588 2204 εάαγμέλιον,
614 2125 670 2187 καί
690 2121 767 2203 μετά
799 2120 1021 2206 ἐπιτραχηλάου
1038 2125 1104 2196 ,καί
1124 2118 1326 2205 άμυφσρίσυ,
1351 2115 1403 2184 ὅτι

308 2223 435 2294 τελείως
465 2223 517 2284 div
550 2222 673 2305 η’ξεάρη
689 2225 764 2307 περὶ
782 2222 919 2301 τούτου,
943 2221 1018 2284 ου’δὲ
1040 2223 1129 2284 θέλει
1148 2220 1233 2304 φακῆ
1256 2224 1332 2284 uoti.
1352 2215 1402 2282 ὅτι

309 2318 407 2395 αὐτὸς
437 2319 727 2385 accusatoremne.
783 2323 852 2385 ἀλλ’
875 2319 903 2385 oi
925 2319 1037 2402 ἐχθραὶ
1057 2319 1164 2398 αὐτοῦ,
1186 2316 1216 2381 ai
1238 2317 1402 2403 συκοφάν-

307 2425 449 2499 ται,καί
471 2413 560 2484 ἄλλοι
579 2427 645 2502 μετ’
667 2417 773 2486 αὐτῶν
795 2425 847 2485 ὁὲν
870 2425 928 2485 τοῦ
949 2423 1134 2485 ἐπίστευαν·
1179 2416 1246 2500 α’μὴ
1268 2415 1303 2482 τό
1329 2421 1401 2496 ἐβε-

308 2523 466 2602 duriores,
489 2515 538 2585 dn
559 2521 651 2586 ναιὸυ
671 2524 798 2605 άληθῶς
814 2519 908 2604 ἔβαλε
927 2523 1024 2604 κακὴν
1035 2515 1142 2603 ’άρχῆν
1152 2524 1198 2596 εἰς
1210 2520 1266 2603 τὴν
1288 2516 1400 2601 ἐκκλη-

267 2621 383 2687 2οσιάν
404 2624 460 2685 καί
482 2618 583 2685 ἔδωκε
598 2617 772 2686 πεσκὲσιυυ.
825 2620 880 2683 καί
900 2618 954 2683 διά
977 2622 1070 2684 τοῦτο
1091 2616 1132 2684 νά
1151 2617 1206 2685 τὸν
1228 2612 1399 2701 εάγάλομεν

294 2717 370 2783 ’άπὸ
392 2717 443 2799 τὸν
464 2716 694 2803 πατριαρχικὸν
707 2718 835 2804 θρόνον,
853 2716 902 2783 ὅτι
914 2716 982 2782 ἔναι
1003 2713 1090 2797 άξισς
1107 2722 1324 2801 καθαιρέσεως
1346 2717 1402 2781 καί

309 2821 463 2901 διωγμοῦ.
491 2854 496 2867 -ν
513 2823 568 2883 καί
594 2818 668 2899 ἔτζα
689 2821 914 2905 ε’μαζόχθησαν
943 2816 973 2883 οἱ
999 2819 1222 2904 Τραπεζόντισι
1249 2809 1399 2904 ἄρχοντες
1458 2837 1460 2840 ·

307 2921 362 2982 καί
380 2919 506 3001 μερικσί
534 2912 621 2983 ἄλλοι
652 2914 802 3003 ἄρχοντες
830 2927 972 3000 πολῖται,
997 2918 1052 2984 καί
1085 2916 1239 2996 ἐσάναξαν
1272 2922 1398 3004 φλωράα

309 3180 390 3231 exilio
409 3181 584 3243 multandum,
604 3182 727 3251 eoquod
747 3182 779 3233 ad
799 3182 826 3233 id
847 3180 931 3251 usque
952 3190 1057 3252 tempus
1083 3199 1162 3234 nemo
1183 3183 1333 3252 patriarcha
1355 3184 1397 3233 ni-

249 3260 250 3263 ’
308 3254 363 3304 lum
383 3252 483 3303 donum
504 3263 551 3321 aut
570 3254 724 3322 pensionem
746 3255 774 3304 in
792 3255 891 3305 sultaui
917 3255 1006 3303 auiam
1029 3254 1143 3305 tulisset.
1186 3270 1278 3304 verum
1299 3271 1397 3324 quem-

308 3324 452 3375 admodum
482 3326 647 3391 superiorum
667 3324 893 3393 patriarcharum‚
911 3326 958 3392 qui
978 3343 992 3374 a
1011 3332 1086 3391 capta
1108 3342 1157 3392 per
1175 3325 1310 3375 sultanum
1330 3324 1396 3373 urbe

308 3395 451 3457 sederant,
481 3396 573 3445 nullus
603 3396 685 3446 ullam
709 3400 849 3463 pecuniam
875 3396 1002 3459 dederat,
1031 3397 1099 3444 sicut
1119 3412 1198 3463 supra
1217 3394 1340 3452 (lisimas,
1358 3395 1396 3443 ita

308 3467 429 3534 profecto
450 3483 500 3516 nec
519 3464 563 3516 hic
582 3468 769 3530 Xyiocarabes.
818 3467 886 3517 iacta
906 3467 1082 3515 nihilominus
1111 3466 1161 3515 ista
1183 3467 1282 3515 iniusta
1303 3472 1396 3513 contra

306 3536 484 3607 patriarcham
512 3539 682 3588 accusatione
709 3547 735 3589 et
764 3538 938 3605 sycophantia
961 3537 1054 3586 *adorti
1075 3545 1136 3585 sunt
1151 3536 1237 3602 ipsum
1255 3536 1319 3598 ioco
1338 3550 1398 3581 mo·

306 3626 368 3667 vere
387 3616 415 3657 et
435 3610 629 3668 exterminare,
654 3611 783 3659 instantes
806 3610 839 3657 ab
859 3626 890 3658 eo
921 3609 1016 3657 factam
1041 3608 1116 3655 iiiam
1136 3606 1284 3673 improbam
1306 3605 1412 3656 onerist

305 3679 513 3745 impositionem.
562 3680 712 3747 patriarcha
741 3680 834 3729 andita
853 3688 904 3729 tam
937 3679 1021 3728 atroci
1039 3677 1180 3737 calumnia,
1198 3693 1225 3725 se
1246 3675 1395 3743 pescesium

306 3748 412 3800 dedisse
432 3750 459 3797 in
479 3749 569 3799 fiscum
590 3752 701 3817 regium,
717 3751 791 3800 mille
805 3750 925 3809 ducatos,
946 3758 973 3799 et
992 3748 1043 3798 hoc
1056 3747 1135 3797 modo
1157 3762 1284 3805 summam
1304 3745 1397 3809 digni-

306 3828 388 3871 tatem
411 3819 539 3887 adeptum
558 3821 657 3883 fuisse,
683 3822 764 3870 vitans
785 3822 835 3871 sibi
855 3837 912 3869 esse
932 3818 1052 3869 acerbam
1073 3825 1187 3887 putare3
1209 3815 1393 3866 iusiurandum

306 3890 503 3941 sanctissimum
522 3908 570 3959 per
588 3908 689 3941 sacrum
710 3891 794 3941 divini
809 3890 940 3957 evangelii
961 3890 1061 3940 librum
1079 3889 1175 3948 iurare,
1194 3888 1277 3955 idque
1296 3902 1395 3935 sacram

306 3961 370 4011 colli
390 3970 417 4011 et
434 3960 604 4011 humerorum
622 3971 720 4013 vestem
735 3978 838 4025 gerens,
857 3979 884 4010 se
905 3960 986 4010 huius
1006 3962 1044 4010 rei
1064 3958 1141 4009 nuiio
1160 3958 1240 4008 modo
1258 3959 1394 4007 conscium

307 4049 373 4093 esse,
395 4048 446 4081 nee
473 4031 684 4083 demonstratum
716 4034 747 4082 iri
771 4048 922 4100 unquama
948 4047 976 4079 se
997 4030 1146 4097 pescesium
1165 4028 1265 4079 datum.
1303 4044 1394 4077 verum

306 4102 423 4152 inimicis
436 4106 438 4111 ’
452 4104 531 4163 eius,
561 4102 799 4154 calumniatoribus
818 4102 872 4151 iilis
895 4111 921 4151 et
947 4101 1056 4150 factioni
1075 4116 1174 4158 eorum,
1195 4116 1236 4149 res
1255 4115 1310 4149 non
1330 4115 1396 4166 per-

306 4190 394 4222 suasa:
415 4172 460 4222 sed
483 4173 517 4221 ab
537 4190 568 4223 eo
588 4176 684 4224 malum
711 4175 819 4223 initium
840 4168 871 4221 in'
886 4172 1024 4221 ecclesiam
1051 4168 1231 4220 introductum
1252 4179 1280 4221 et
1300 4187 1395 4235 pesce·

305 4244 372 4293 sium
392 4244 483 4293 datum
503 4259 560 4294 esse
581 4245 755 4312 pervicerunt.
793 4243 854 4291 ideo
875 4242 1027 4301 educamus,
1055 4242 1191 4308 inquiunt,
1209 4258 1268 4291 esim
1290 4241 1324 4290 de
1342 4258 1393 4310 pa-

305 4312 447 4365 triarchico
467 4316 547 4375 solio,
567 4317 632 4383 quia
654 4314 797 4365 deturbato
819 4322 844 4363 et
860 4313 1038 4362 exterminatis
1058 4311 1162 4375 dignus.
1198 4314 1236 4362 ita
1258 4329 1394 4363 convene-

306 4392 369 4434 runt
388 4382 564 4453 Trapeanutii
585 4402 707 4453 proceres
735 4395 762 4437 et
786 4384 913 4437 nonnulii
939 4384 985 4432 alii
1013 4384 1095 4451 ampli
1124 4382 1241 4434 civitatis
1260 4380 1394 4445 homines,

306 4462 456 4525 aureosque
480 4456 557 4507 mille
584 4464 736 4524 corrogatos
762 4456 869 4508 sultano
887 4455 1030 4515 miserunt,
1061 4472 1120 4504 cum
1141 4450 1183 4505 his
1203 4454 1276 4506 serb‘
1405 4446 1453 4518 Ὗ
1478 4467 1495 4487 ⁸
1515 4500 1528 4515 ψ
