3692 5350
434 544 509 626 264
814 562 869 625 nn
897 560 1026 628 nnius
1055 518 1162 627 irrui

434 721 491 785 τοῦ
510 715 689 803 Ζαχορέοο,
724 723 779 785 κατ’
809 717 943 805 όδηγοός
973 720 1011 786 νοὶ
1034 719 1109 796 roric
1130 714 1291 805 περόσοον
1312 720 1346 787 ἔκ
1367 723 1424 805 τῆς
1443 723 1535 803 Ζαμ-

434 820 532 903 βρῆς,
554 819 610 882 καί
638 814 675 884 vri
708 819 954 903 τοόςεέγέλονν
986 824 1031 897 εἰς
1059 821 1134 896 roric
1164 818 1302 904 ἐρήμους
1338 820 1456 897 τόπους
1487 820 1539 886 καὶ

437 918 674 1004 ἅκατοιιιήτοος.
728 919 783 986 καί
803 916 902 996 οὕτως
935 920 1045 1006 dustria}
1066 917 1250 1008 φθάσαντες
1273 924 1319 997 εἰς
1340 919 1398 1005 τήν
1420 918 1539 1006 ἔρημον

435 1018 556 1109 ένεένην
578 1023 636 1087 δέν.
652 1018 743 1106 εἶχαν
764 1024 806 1104 μέ
826 1024 862 1087 rs'
877 1020 916 1086 νέ
935 1025 1124 1110 τρέφωνται,
1146 1024 1404 1088 ἔνατασιιεόασαν
1425 1027 1540 1105 τέχνας
1618 1072 1620 1077 s

437 1128 493 1189 καί
511 1121 670 1205 ἔμοὶζοναν
699 1122 732 1189 τό
755 1123 942 1208 μελέδροον,
963 1124 1017 1189 καί
1050 1126 1217 1212 ἐτρέφοντο
1237 1128 1278 1205 μὲ
1299 1122 1378 1189 οιότό
1400 1121 1561 1209 χρόνοοςο

436 1221 548 1309 έξῆντα
570 1227 746 1309 τέσσαρας,
775 1221 854 1289 διότι
881 1222 961 1289 πολό
995 1224 1121 1289 ἔπιπτεν
1143 1228 1177 1289 ἔτι
1204 1228 1266 1291 τῶν
1289 1225 1429 1307 δένδρων
1451 1228 1539 1306 μέλι,

437 1322 489 1390 ότι
512 1320 529 1387 ό
553 1323 675 1405 κόμπος
697 1327 814 1400 ἐκεῖνος
834 1318 905 1411 όλος
925 1318 993 1408 εἶχε
1011 1326 1126 1409 δένδρα
1150 1323 1257 1412 δρσός.
1299 1306 1356 1389 ἔναι’
1379 1327 1413 1404 έξ
1433 1324 1541 1388 αὐτῶν
1602 1403 1609 1429 ⁸

436 1422 605 1507 ὠνόμασαν
628 1426 683 1489 καί
703 1423 760 1508 τὴν
782 1414 884 1507 πόλιν,
903 1424 964 1510 τόν
985 1424 1096 1491 όποιάν
1116 1423 1252 1510 ἔκτισαν,
1273 1422 1499 1510 Δροῖνόπολιν.

446 1552 449 1557 ·
532 1525 569 1592 Ὁ
602 1527 637 1590 δέ
661 1530 750 1600 Τι’τος
772 1525 946 1603 ἅπαντέσας
974 1525 1032 1611 τόν
1056 1527 1268 1612 Δροῖνόπολιν
1298 1526 1414 1609 κατέβη
1429 1526 1482 1604 Ιεἰς
1508 1521 1540 1588 τό

341 1697 349 1720 Ι
413 1675 415 1680 -
437 1624 547 1693 στενόν
564 1623 599 1691 τό
621 1623 750 1706 α’ντιιιρό
771 1626 829 1690 rusi
852 1629 1073 1708 Ἀλβανιτικοό
1090 1630 1227 1711 μέρους,
1250 1621 1330 1690 όποο
1351 1619 1540 1708 διαχωρίζει
1551 1636 1579 1689 10

437 1726 513 1802 τούς
536 1722 650 1802 τόπονς
670 1725 850 1805 όΒιοτικός
871 1726 1032 1811 ποταμός,
1056 1732 1111 1793 καί
1140 1726 1240 1793 ἔκτισε
1261 1728 1408 1811 νάστρον,
1429 1728 1487 1790 καί
1506 1722 1538 1791 τό

438 1824 583 1909 ω’νόμασε
610 1821 850 1918 Τιτοόπολιν,ἥ
874 1853 922 1905 τις
944 1827 983 1893 τοὶ
1008 1832 1063 1895 νόν
1090 1834 1243 1913 Τεπελένη
1257 1832 1397 1912 λέγεται.
1461 1877 1472 1909 ·.

541 1925 581 1994 Oi
612 1930 646 1993 δέ
670 1929 839 1995 Μολοσσοὶ
870 1930 913 2007 σός
935 1928 1057 2012 ἔμαθον
1090 1924 1137 1995 ότι
1167 1927 1355 2019 ε’κατοιριὴθη
1384 1925 1401 1990 ό
1424 1922 1542 2013 ἔρημος

439 2159 505 2200 νιον
528 2132 567 2197 sci
591 2130 665 2206 τοός
685 2128 771 2220 διέσῃ
794 2129 949 2216 βοήθειαν
969 2131 1007 2197 sui
1034 2133 1155 2213 κόμουν
1175 2130 1313 2213 πόλεμον
1333 2129 1388 2194 καί
1408 2128 1447 2194 ναὶ
1468 2125 1580 2204 ruricii

440 2232 575 2312 διώξοον
595 2234 726 2298 ἐκεῖθεν.
770 2233 838 2297 ἀλλ’
861 2219 1017 2308 όἎτλας
1035 2231 1118 2315 ἔχων
1147 2238 1217 2315 μετ’
1240 2230 1344 2295 αότοῦ
1364 2226 1420 2295 τόν
1440 2226 1540 2315 σοφόν

439 2331 696 2421 Ἀριστόβουλον,
727 2335 782 2401 τόν
809 2333 1024 2421 σομμαθητὴν
1051 2337 1111 2417 τοῦ
1137 2335 1308 2421 Ἀφειδιά,
1338 2328 1404 2409 τόν,
1422 2327 1542 2396 ἔστειλε

440 2433 521 2520 πρός
542 2435 596 2502 τόν
616 2432 784 2503 ’Λῖδιόνιον
805 2439 946 2521 πρέσβυν
962 2436 1098 2522 ἀγάπης·
1142 2436 1197 2500 καί
1216 2425 1306 2509 οὗτος
1327 2429 1446 2497 ἔστειλε
1466 2427 1543 2514 πρός
1588 2460 1595 2468 ·

440 2539 495 2607 τόν
516 2542 548 2605 Γ
546 2542 720 2624 αλιρέωνα,
743 2535 959 2623 ’ἔξουσιαστὴν
991 2542 1052 2604 τῶν
1081 2536 1282 2615 Μολοσσῶν,
1306 2532 1360 2598 καὶ
1378 2536 1543 2599 ἔτελεέοοσε

353 2671 355 2681 “
442 2628 498 2727 τόν
520 2638 644 2726 α’γάπην
664 2639 921 2723 α’ναμεταξότων
942 2643 983 2721 μὲ
1004 2636 1204 2722 ὑποσχέσεις,
1226 2631 1306 2702 οόστο
1320 2638 1396 2702 ποτέ
1418 2631 1459 2700 νοὶ
1479 2630 1581 2718 μῆνλο

442 2744 609 2829 η’μποροῦν
628 2740 669 2807 vui
691 2740 811 2824 κόμονν
837 2738 959 2832 Ιμοὶχην,
981 2744 1037 2805 καί
1064 2739 1103 2806 sui
1126 2741 1295 2823 σογχέζονν
1316 2739 1389 2812 ἕνας
1409 2734 1465 2801 τόν
1486 2727 1542 2799 ἆλ-

444 2851 510 2912 λον.
553 2847 607 2909 ιιαέ
628 2838 730 2921 οότως
750 2846 912 2929 ἐπέρασαν
930 2842 1069 2930 χρόνους
1090 2841 1147 2912 κδ’,

444 3148 603 3218 transgressi
620 3156 685 3201 sunt
702 3165 751 3218 per
768 3149 929 3220 Zagurium),
950 3157 978 3202 et
997 3150 1055 3201 viae
1076 3148 1167 3211 duces,
1184 3153 1214 3200 ut
1230 3162 1276 3199 eos
1295 3147 1514 3199 transmitterent
1529 3159 1543 3196 s

402 3273 405 3279 ,
445 3221 565 3281 Zambra,
585 3220 659 3272 etin
678 3220 867 3274 locardeserta
885 3231 912 3274 et
933 3219 1123 3274 inhabitabilia
1146 3219 1285 3272 ducerent.
1322 3227 1405 3289 atque
1425 3219 1465 3269 sic
1482 3233 1543 3269 curn

444 3296 474 3346 iu
494 3295 571 3345 ilium
589 3291 766 3345 solitudinem
785 3293 941 3357 venissent,
959 3309 1048 3364 neque
1069 3290 1217 3364 quidquam
1233 3289 1382 3354 habereut,
1405 3290 1453 3359 qui
1472 3289 1544 3341 rire·

445 3374 523 3429 rent,
541 3373 612 3416 artes
630 3363 682 3416 sibi
700 3374 940 3434 comparaverunt,
967 3373 995 3416 et
1015 3365 1068 3416 mel
1084 3379 1231 3433 quercuum
1254 3361 1426 3430 deligebant,
1448 3369 1476 3412 et
1494 3359 1543 3411 iiio

445 3455 533 3490 annus
551 3438 687 3504 sexaginta
708 3444 838 3506 quattuor
853 3436 1055 3499 nutriebantur,
1074 3435 1137 3505 quia
1149 3434 1265 3486 muitum
1283 3433 1337 3484 mel
1356 3450 1388 3485 ex
1402 3430 1544 3483 arboribus

447 3507 624 3569 redundabat,
644 3516 672 3559 et
686 3524 794 3578 campus
813 3509 861 3559 ilie
881 3517 954 3561 totus
974 3525 1085 3578 quereus
1098 3505 1226 3572 babebat,
1246 3514 1355 3576 propter
1374 3521 1442 3575 quas
1463 3505 1543 3556 etiam

445 3579 549 3642 urbem,
569 3595 649 3650 quam
668 3570 858 3643 condiderunt,
871 3578 1046 3648 Drynopoiim
1068 3579 1173 3649 (urbem
1185 3578 1342 3648 quercuum)
1359 3565 1543 3631 nominarunt.

546 3667 625 3722 Titus
651 3676 758 3731 nutem,
786 3685 846 3734 cum
868 3669 1042 3740 Drynqpoiim
1061 3665 1242 3729 condidisset,
1270 3665 1298 3716 in
1319 3665 1456 3732 augustias
1475 3677 1544 3733 quae

391 3801 401 3808 ἡ
446 3739 579 3792 Albaniae
599 3748 676 3792 erant
695 3741 845 3791 contrariae
866 3738 1020 3800 descendit,
1040 3737 1087 3790 ubi
1104 3737 1220 3789 Bioticus
1239 3735 1337 3787 fluvius
1357 3737 1416 3792 loca
1437 3734 1544 3794 dividit,

448 3821 477 3865 et
494 3811 634 3863 cdsteiium
654 3809 786 3875 condidit,
805 3812 888 3882 idque
907 3809 1229 3879 nominavitTitupuiirn‚
1249 3808 1322 3879 quod
1342 3806 1454 3878 quidem
1472 3822 1544 3858 nunc
1619 3811 1620 3816 ’

322 3931 325 3934 ,
377 3951 382 3954 ,
446 3893 559 3937 vocatur
580 3882 730 3954 Tepeiene.

547 3972 660 4024 Molossi
679 3979 769 4024 autem
790 3988 847 4023 cunr
870 3971 1056 4040 cognovissent
1075 3969 1209 4022 desertum
1230 3967 1408 4019 iilumlocum
1427 3966 1545 4017 habitari

448 4052 562 4113 agente
584 4044 758 4105 Atheniensi,
789 4042 926 4113 quendam
954 4042 987 4093 ad
1012 4041 1156 4093 didonium
1185 4040 1331 4101 miserunt,
1360 4047 1391 4089 ut
1414 4038 1545 4088 auxilium

448 4116 623 4178 concederet,
648 4118 670 4166 si
696 4115 799 4166 betium
819 4123 978 4177 moverent,
1007 4129 1108 4183 sosque
1129 4130 1161 4163 err
1186 4128 1218 4162 eu
1240 4115 1299 4164 ioco
1317 4111 1461 4180 petierent.
1498 4108 1546 4160 sed

448 4186 532 4248 Atlas,
552 4188 598 4256 qui
618 4203 709 4238 secum
728 4185 849 4238 babebat
869 4188 1018 4256 sapientem
1040 4184 1233 4244 Aristobuium,
1252 4181 1391 4251 Aphidene
1409 4178 1546 4232 condisci-

447 4251 1547 4383 ttttritttmm¹'ittitiitttid‘ittttttittttttttttt

448 4414 508 4452 cum
522 4348 725 4468 promitterini),
748 4418 776 4453 se
784 4349 882 4474 1ireque
901 4367 1050 4454 belisturo's
1068 4346 1139 4452 intspr
1156 4415 1185 4450 se
1203 4413 1293 4468 neque
1312 4403 1456 4454 vexaturus
1476 4410 1544 4458 esse,

448 4478 531 4547 utque
550 4470 588 4522 sic
608 4471 716 4542 quidem
734 4489 819 4530 annus
838 4474 935 4544 viginti
952 4479 1069 4545 quatuor
1088 4470 1228 4543 degerunt.
