3692 5350
386 533 436 621 lc
586 604 589 609 .
831 551 1028 616 ursanum

329 721 332 725 '
351 720 369 740 ⁸
386 700 512 787 ἔφθασε
525 702 579 765 καί
591 702 636 774 είς
658 697 695 773 τά
721 700 777 761 τοῦ
793 697 966 764 σονλτοὶνον
986 700 1170 783 Ἀγαρηνών
1186 692 1337 778 aizasmi
1357 692 1483 781 ἔπεμψε

386 802 442 863 καί
461 802 593 881 η’ξίωσεν
614 795 711 861 ον’τόν
732 800 785 860 ἵνα
807 796 974 883 ποιήσηται
999 796 1144 881 ἐξήγησιν
1160 799 1206 871 είς
1226 798 1259 861 τό
1285 793 1376 879 δ’γιον
1398 797 1483 879 σιΐμ·

384 902 478 978 βολον
499 900 554 978 τῆς
590 899 723 968 πίστεως
748 902 811 960 τών
834 898 1033 977 Χριστιανῶν
1062 894 1118 959 καί
1138 896 1223 981 δώσῃ
1247 898 1333 983 adrui
1352 894 1482 979 ταύτην.

384 996 594 1078 ποιησάμενος
623 987 679 1057 οὖν
709 994 764 1077 τήν
792 993 937 1078 ἐξήγησιν
967 994 1027 1057 τοῦ
1061 994 1223 1075 συμβόλου
1248 995 1481 1075 α’νντιοστόλως,

383 1092 635 1175 θεολογικώτατα
659 1094 713 1157 καί
734 1096 904 1179 σοφώτατα
917 1096 1120 1171 συνθέμενος,
1141 1084 1186 1169 ώξ
1198 1096 1231 1158 ἐν
1252 1101 1376 1169 πολλοῖς
1399 1098 1506 1178 φατ’-5

382 1214 480 1270 νεται,
500 1195 635 1257 δέδωκεν
657 1196 749 1279 αὐτῷ.
794 1196 850 1254 καί
867 1196 1174 1272 μεταγλωττίσαντες
1200 1189 1300 1255 πάντα
1322 1196 1426 1269 καλῶς
1447 1198 1481 1259 ἐν

381 1285 524 1370 Ἀράβων
543 1290 678 1376 γλώσσῃ,
701 1292 820 1371 α’νὲγνω
853 1286 928 1352 κιττοὶ
954 1289 1118 1372 αἰιριβειαν
1138 1292 1194 1353 καί
1213 1296 1390 1369 χαριέντως
1409 1294 1479 1356 ἑδέ·
1523 1350 1525 1354 .

356 1406 367 1415 ·
379 1412 456 1470 χετο
478 1394 533 1455 καί
552 1392 705 1469 εδλαβώς,
727 1385 981 1469 ἀναγκαζόμενος
1000 1390 1045 1463 εἰς
1067 1393 1168 1452 ταῦτα
1190 1390 1276 1473 παρά
1297 1415 1389 1455 τινων
1401 1396 1480 1455 νέων
1530 1406 1537 1411 ’“

382 1482 481 1552 ὄντων
503 1487 547 1552 ἔτι
572 1491 775 1568 Χριστιανῶν
807 1484 899 1550 ἔνδον
929 1487 982 1568 τῆς
1011 1487 1112 1569 αδλῆς
1139 1490 1196 1550 τοῦ
1226 1494 1382 1551 παλατίον
1415 1493 1480 1553 ου’-

380 1581 459 1666 teri,
498 1592 552 1650 καί
590 1589 710 1665 μᾶλλον
745 1584 840 1665 «παρὰ
878 1588 937 1647 τοῦ
975 1580 1061 1647 vina-x
1085 1589 1144 1647 τοῦ
1176 1586 1402 1672 Ἀμυροδτζη,
1443 1586 1522 1663 δςγο
1605 1664 1607 1671 Ι

380 1686 423 1758 cic
446 1680 485 1768 ἦν
506 1685 693 1766 λογιώτατος
716 1687 761 1758 εἰς
782 1682 818 1746 τό
837 1680 1024 1766 Ἑλληνικόν,
1048 1678 1149 1757 οδτως
1163 1686 1281 1766 ἐγένετο
1304 1685 1359 1748 καί
1377 1687 1421 1759 είς
1442 1685 1478 1749 τὸ

374 1782 556 1866 Ἀραβικδν.
599 1779 686 1856 ὅστις
709 1785 764 1845 καί
785 1778 934 1857 α’ξιωθείς
966 1783 1052 1863 παρὰ
1077 1786 1135 1845 τοῦ
1156 1780 1331 1847 σονλτώνον
1353 1782 1478 1871 ὁρισμῷ

254 1871 256 1874 ’
327 1919 329 1922 ·
377 1883 491 1945 τούτου
513 1878 739 1962 μετεγλώττισε
750 1887 859 1963 βιβλία
873 1879 974 1943 πολλοὶ
993 1886 1026 1942 ἐκ
1047 1883 1108 1944 τών
1124 1882 1284 1964 ἡμετέρων
1304 1882 1359 1944 καί
1372 1884 1476 1947 πάντα

286 2041 288 2044 .
375 1978 414 2043 cci
436 1989 640 2061 γραμματεῖα
668 1984 724 2043 ταί
745 1979 821 2054 τούς
842 1978 978 2055 κώδικας
1009 1976 1084 2054 τοδς
1110 1980 1294 2062 βασιλικοίις
1317 1982 1374 2044 καί
1394 1974 1477 2067 ἄλλα
1540 2018 1544 2029 .

374 2077 517 2161 χρειώδη
556 2082 611 2142 καί
646 2077 746 2142 πολλοὶ
774 2080 851 2159 τιερί
887 2082 1047 2151 πίστεως.Ι
1082 2076 1099 2141 δ
1127 2083 1298 2151 σοολτοῖνος
1327 2077 1389 2161 γὰρ
1418 2081 1517 2159 οὖκγὸ

375 2177 509 2241 ἐπαύετο
540 2175 685 2256 ἒρωτών,
715 2181 833 2256 ’μαθεῖν
863 2176 919 2238 αἰεί
938 2201 973 2240 ,τι
1003 2174 1058 2240 καί
1087 2181 1285 2260 πιστωθῆναι
1311 2176 1386 2260 περί
1420 2183 1476 2261 τῆς

377 2279 585 2357 Χριστιανών
615 2278 748 2350 πίστεως
779 2274 980 2357 βουλόμενος.
1035 2276 1107 2339 ἀλλ’
1128 2275 1220 2341 οὐδὲν
1243 2264 1386 2359 ἐγένετο·
1429 2283 1485 2353 εἰς,
1545 2350 1547 2357 ,

373 2372 434 2458 γᾰρ
457 2375 615 2437 α’σννέτου
637 2375 771 2456 καρδίαν
792 2374 868 2449 θεὸς
888 2374 945 2435 ουίι
967 2374 1189 2439 εἰσελεύσεται.

460 2471 554 2535 Metti
578 2476 642 2536 τών
662 2464 765 2536 ἄλλων
789 2464 845 2535 οὖν
867 2462 911 2534 οἷν
937 2466 1046 2556 ἠρώτα
1068 2473 1124 2536 καί
1143 2471 1331 2553 ἐμάνθανεν,
1357 2465 1473 2555 ἤκουσε
1562 2520 1563 2523 ¹

350 2569 431 2633 ’καί
450 2575 525 2652 περί
543 2573 600 2635 τοῦ
637 2573 831 2655 οἷφορισμοῦ,
864 2564 914 2633 ὅτι
948 2569 984 2632 δν
1006 2562 1044 2631 δν
1067 2568 1096 2633 οἱ
1121 2572 1283 2652 α’ρχιερεῖς
1302 2574 1357 2633 καί
1376 2568 1515 2654 ἱερεῖςνο

301 2707 302 2710 ¹
375 2672 435 2733 τών
468 2673 671 2776 Χριστιανών
703 2663 903 2754 ἀφορίσωσιν
932 2663 1093 2751 εδλόγως,
1124 2663 1173 2733 ὅτε
1200 2693 1250 2744 τις
1279 2666 1414 2756 α’δικὴσῃ
1449 2662 1471 2752 ἢ

374 2771 502 2854 oraton,
525 2769 565 2831 ον’
587 2769 752 2849 διαλύεται
785 2774 886 2857 ε’νητῇ
905 2775 962 2856 γῇ,
986 2767 1067 2834 cilici
1088 2773 1173 2849 μὲνει
1195 2766 1345 2850 τόσώμιι
1369 2763 1470 2832 αὐτοῦ

372 3039 414 3074 τεο
433 3024 513 3073 etiam
532 3024 648 3090 Agereni
668 3026 734 3090 regis
752 3024 917 3093 pervenerit.
953 3025 1067 3076 accitum
1095 3026 1186 3093 itaque
1207 3025 1317 3092 rogavit,
1338 3021 1467 3074 scriberet

374 3094 584 3162 explicationem
603 3093 628 3143 S.
651 3095 767 3158 symboli
785 3095 847 3145 fidei
860 3096 1040 3158 Christianae,
1057 3096 1166 3164 sibique
1182 3094 1266 3144 daret.
1305 3095 1393 3160 paruit
1410 3093 1465 3156 hic,

372 3165 564 3213 conrmentario
578 3180 636 3212 cum
652 3166 723 3214 omni
739 3165 866 3215 libertate
881 3183 895 3215 e
914 3183 987 3217 sacra
1001 3166 1190 3232 theologorum
1202 3164 1346 3232 disciplina
1364 3165 1465 3230 optime

371 3232 629 3350 sapientissimeque
657 3234 798 3296 consecto,
823 3236 895 3306 sicut
913 3254 953 3287 res
981 3238 1039 3304 ipsa
1065 3237 1093 3285 in
1114 3235 1362 3303 nrrrltis'loquitur3
1382 3241 1465 3302 atque

371 3318 401 3352 su
416 3311 478 3351 tano
499 3301 608 3352 obtulit·
646 3319 725 3370 quem
750 3305 847 3355 librum
866 3323 913 3374 per
931 3305 1163 3358 omniabeneiu
1184 3304 1324 3356 Arabicam
1346 3303 1464 3370 linguam
1537 3360 1544 3372 ,
1624 3331 1630 3338 -

372 3389 526 3422 conversum
548 3373 605 3440 ipse
618 3370 764 3441 diligenter
783 3378 856 3443 legit,
876 3380 1025 3428 clementer
1041 3377 1176 3442 accipiens
1197 3383 1223 3426 et
1242 3382 1411 3438 reverenter3
1429 3373 1465 3424 ad
1505 3413 1506 3416 η

371 3441 400 3492 id
419 3442 573 3493 faciendum
601 3459 661 3492 cum
681 3445 714 3494 ab
734 3447 841 3515 aliquot
859 3449 953 3515 palatii
979 3448 1020 3497 sui
1048 3445 1304 3504 acilius-iuvenibus
1324 3442 1465 3510 (chriscia-

370 3531 421 3564 nae
440 3516 510 3564 eniur
532 3514 621 3565 adbuc
640 3513 677 3563 ibi
708 3517 844 3583 religionis
869 3517 994 3568 nonnulli
1015 3517 1101 3584 erant)
1123 3514 1244 3577 adactus,
1263 3523 1320 3565 tum
1340 3514 1464 3582 inprimis

370 3601 386 3634 a
407 3584 463 3634 filio
485 3588 653 3646 Arnerutzae,
671 3587 718 3652 qui
738 3603 786 3655 par
807 3588 909 3637 eratin
930 3589 1069 3654 utriusque
1093 3586 1202 3651 linguae
1222 3585 1358 3645 facultate,
1378 3585 1463 3634 Grae·
1522 3649 1523 3652 Ἴ

370 3670 415 3703 cae
434 3664 462 3705 et
482 3655 619 3719 Arabicae,
636 3657 776 3722 impulsus.
818 3657 917 3707 multus
942 3657 986 3707 hic
1006 3659 1046 3707 vir
1064 3663 1156 3720 rogatu
1187 3663 1215 3706 et
1233 3655 1304 3705 iussu
1325 3653 1393 3720 regis
1412 3671 1464 3706 no·

370 3732 483 3773 atrocum
503 3725 631 3777 librorum
651 3727 837 3799 iusl'urcicam
855 3726 994 3778 transtulit
1013 3727 1139 3792 linguam,
1161 3725 1251 3775 ornnia
1271 3723 1379 3794 quidam
1399 3733 1463 3774 acta

370 3801 398 3842 et
416 3794 520 3845 tabulas
542 3798 673 3864 publicas,
694 3797 798 3848 codices
819 3798 1016 3864 imperatorios,
1031 3798 1087 3846 alia
1103 3797 1196 3861 utilia;
1214 3796 1299 3845 multa
1316 3795 1396 3844 etiam
1418 3809 1461 3844 re-

369 3863 478 3927 ligionis
503 3877 631 3917 nostrae..
652 3884 719 3920 ‘non
747 3867 870 3917 cessabat
896 3871 966 3917 enim
994 3867 1122 3916 sciscitari
1148 3867 1289 3929 sultanus,
1310 3863 1461 3914 identidem

368 3932 474 3999 aliquid
491 3951 651 4002 cognoscere
674 3946 701 3987 et
721 3941 817 3989 certior
830 3938 888 3986 fieri
909 3937 943 3987 de
965 3937 1017 3986 tide
1029 3937 1180 3988 Christiana
1200 3936 1321 3986 studens.
1343 3942 1371 3984 at
1390 3933 1465 3985 nihil

369 4000 404 4050 ad
424 4004 536 4052 salutem
557 4007 688 4072 profecit:
706 4025 761 4057 nou
784 4009 856 4057 enim
876 4008 942 4056 deus
964 4009 991 4056 in
1005 4008 1105 4066 stolidi
1124 4007 1203 4057 corde
1223 4007 1310 4056 locum
1332 4004 1422 4055 habet.

415 4125 418 4131 .
456 4089 529 4137 lnter
553 4092 605 4140 alia
624 4108 692 4158 quae
711 4094 878 4160 interrogans
898 4092 1039 4156 discebat,
1061 4095 1143 4145 etiam
1168 4093 1201 4142 de
1222 4091 1392 4143 anathemate
1412 4107 1460 4140 seu

370 4160 648 4208 excommunicatione
669 4164 782 4224 audivit,
800 4164 937 4224 videlicet,
966 4166 1121 4232 quicunque
1138 4179 1157 4230 ¹a
1175 4162 1349 4228 pontificibus
1368 4169 1396 4212 et
1415 4177 1460 4211 sa-

369 4227 525 4279 cerdotibus
547 4229 707 4279 Christianis
726 4233 796 4281 iusta
816 4234 849 4284 de
870 4251 960 4294 causa,
982 4234 1017 4292 ob
1043 4233 1180 4301 peccatum
1199 4239 1245 4279 aut
1264 4233 1361 4293 scelus,
1381 4249 1394 4281 e
1415 4227 1465 4282 sa-v
1527 4255 1528 4258 ¹

369 4315 414 4348 cro
433 4305 511 4347 coetu
528 4297 692 4366 expellatur,
717 4299 789 4350 hunc
814 4303 895 4353 talem
922 4304 1062 4354 humatum
1093 4318 1147 4352 nou
1165 4299 1275 4350 dissolvi
1306 4304 1334 4352 in
1353 4311 1460 4362 terram,
1509 4307 1511 4312 ’
1538 4308 1539 4311 ’

369 4370 416 4421 sed
434 4384 542 4419 manere
563 4384 659 4434 corpus
680 4370 737 4419 eius
757 4371 947 4424 indissolutum
979 4381 1006 4423 et
1025 4375 1158 4437 integrum
1177 4372 1204 4418 iu
1225 4378 1304 4433 terra,
1324 4373 1458 4440 conspici·
1539 4381 1540 4384 ’
