3692 5350
750 549 1070 630 nannuncnrcs.
1257 558 1260 565 ‘
1342 531 1362 583 Ὺ
1386 548 1456 624 159

362 695 566 790 *ίῆξεορεότι
587 701 632 776 είς
652 698 771 783 ἡμέρας
791 705 881 778 πέντε
902 698 980 778 ὅλας
996 729 1062 780 ,σας
1083 702 1141 780 τοὶς
1165 701 1330 790 ίκκλησίας
1355 707 1410 771 καί
1422 706 1456 772 ro'

361 807 593 885 πατριαρχεῖον
613 801 735 881 χαλοῦν
764 796 826 862 ἀπό
848 797 886 863 τό
911 805 1062 882 θεμέλια,
1088 798 1138 866 ότι
1162 808 1315 888 φιῖτιροῑς
1335 806 1460 889 εόμῆκε,

361 901 502 986 κόσιρον,
524 897 606 961 όποῦ
630 895 667 960 νά
691 902 845 973 πολεμοῦν
868 900 924 961 καί
944 897 982 962 ad
1004 898 1041 989 κό
1062 902 1208 982 νικησοον
1228 906 1269 982 μὲ
1291 902 1326 966 τό
1349 908 1461 987 απαθῆ

361 1023 457 1078 τους,
493 1001 562 1061 ε’κεῖ
587 998 735 1078 ἐκκλησία
757 991 918 1078 Ῥωμαΐκη
941 995 980 1061 vri
999 999 1099 1080 μηδὲν
1132 997 1199 1062 ἔναι
1223 1001 1362 1081 τελείως,
1386 1004 1461 1065 oaldi

335 1099 399 1168 5νό
419 1098 632 1180 εόριλνκεται.”
688 1091 827 1168 α’κοόσιις
860 1096 894 1158 δὲ
915 1099 1009 1173 τοῦτο
1033 1095 1049 1158 ὃ
1071 1094 1212 1180 ,Ξενόκης
1225 1105 1241 1178 ,’
1258 1083 1419 1184 ἠλλοιώθη
1440 1097 1459 1182 ἦ

361 1192 436 1288 όψρς
457 1198 513 1261 κοῦ
534 1192 705 1277 προσώπου
736 1192 861 1273 αὐτοῦ,
883 1199 937 1258 καί
957 1193 1072 1274 ἐγίνετο
1098 1191 1140 1270 ὦς
1161 1195 1279 1280 νεκρός,
1299 1201 1354 1262 καί
1373 1199 1459 1283 ἔτρε·
1519 1263 1527 1274 ,

359 1321 410 1377 με.
454 1291 672 1374 προσκυνήσας
704 1293 738 1354 δὲ
769 1290 826 1353 τόν
855 1295 1088 1376 καόδηλεσκὲρη
1113 1294 1243 1376 εόγῆκεν
1270 1297 1325 1357 or'rs’
1348 1298 1459 1380 arisai,

360 1394 416 1458 καί
434 1385 533 1477 η’λθεν
553 1395 597 1466 εἰς
619 1388 676 1472 την
696 1391 836 1473 μεγάλην
857 1394 1039 1474 ἐκκλησίαν,
1062 1392 1117 1454 καί
1134 1395 1230 1477 α’νίβη
1254 1395 1299 1467 εἰς
1320 1396 1374 1458 τὸν
1395 1422 1460 1458 πα-

360 1492 512 1575 τριόρχην
532 1479 613 1571 perol
637 1493 761 1552 πολλῶν
784 1488 940 1570 δακρύων,
963 1496 1018 1554 καί
1030 1494 1084 1554 ὁὲν
1107 1493 1230 1555 ε’όόνετο
1250 1492 1288 1556 νίι
1311 1491 1458 1581 ὁμιλήσῃ·

319 1589 451 1664 muniri
476 1591 676 1672 πατριάρχης
706 1589 812 1669 ἐρώτα
835 1587 935 1652 odaria
956 1591 1011 1653 “rr'
1030 1587 1100 1653 ἔναι
1129 1589 1253 1675 ἦλόπη
1273 1615 1331 1656 σον
1352 1597 1408 1658 καί
1426 1597 1463 1658 τί

359 1688 396 1755 τό
419 1689 676 1771 tirason-”gnae
697 1684 779 1766 μειιὶ
813 1681 900 1770 κόροις
919 1691 978 1750 ’τοῦ
1000 1691 1081 1768 λέγει
1103 1692 1278 1773 6*φεῖτιςριῖς
1311 1690 1366 1754 καί
1386 1691 1469 1773 ὁρι-

358 1786 437 1869 ομός
459 1787 573 1870 ον’γῆκε
604 1787 661 1852 τοῦ
681 1789 849 1866 βασιλέως,
876 1782 937 1869 ότι,
957 1787 1067 1870 ἐπειδη
1093 1786 1111 1869 ἦ
1133 1786 1224 1861 πόλις
1245 1788 1372 1875 ἐπόρθη
1392 1788 1455 1854 ainsi

359 1891 500 1953 σπαθιόν
522 1888 562 1965 μὲ
577 1885 723 1964 πόλεμον,
747 1879 822 1958 ὅλας
844 1885 899 1959 τὰς
921 1889 1087 1967 ἐκκλησίας
1109 1890 1170 1951 τῶν
1194 1888 1397 1970 Χριστιανῶν
1418 1888 1456 1955 νοὶ

358 1984 538 2068 χαλόσουν,
564 1982 646 2050 ὀποῦ
667 1983 748 2050 εἶναι
771 1987 887 2064 μεὀα.”
930 1987 1067 2060 α’κοόσας
1088 1991 1124 2050 δὲ
1145 1992 1237 2052 τοῦτο
1260 1985 1275 2050 ri
1302 1990 1458 2073 πατριόρ.

315 2102 349 2153 15
356 2110 426 2168 χης,
441 2077 529 2169 stim
551 2089 649 2166 μέγας
672 2081 772 2168 φόβος
793 2089 849 2148 καί
867 2085 982 2164 τρόμος
1002 2088 1048 2160 εἰς
1070 2086 1180 2164 αὐτόν,
1201 2089 1256 2152 καί
1276 2091 1459 2170 ἑκατέβενεν

359 2181 485 2266 didone
506 2189 565 2247 rori
584 2181 754 2266 προσώπου
779 2184 876 2264 αὐτοῦ
899 2179 1006 2267 οἵσπερ
1029 2184 1130 2268 βροχὴ
1154 2183 1217 2248 α’πό
1240 2190 1297 2248 τοῦ
1316 2188 1459 2269 ον’ρανοῦ

357 2285 403 2356 είς
426 2281 483 2365 την
504 2285 576 2366 γῆν.
620 2287 676 2345 καί
695 2285 749 2364 τῆς
773 2278 860 2365 οόρας
880 2285 1011 2365 ἐκατὲβη
1032 2286 1116 2346 κοίιω
1136 2282 1198 2348 α’πό
1224 2283 1260 2347 τό
1278 2291 1367 2348 θεῖον
1388 2291 1457 2349 καλ·

358 2383 424 2445 λίιιν
446 2382 566 2463 αὐτοῦ,
599 2381 655 2443 καί
676 2377 783 2463 όρισε,
803 2383 859 2446 καί
877 2376 1005 2458 ἄνοιξαν
1028 2382 1086 2464 την
1107 2380 1282 2466 ἐκκλησίαν.
1326 2387 1381 2448 καί
1398 2383 1458 2465 ἔμ-

358 2484 498 2562 προσθεν
524 2484 579 2563 τῆς
602 2478 720 2556 εἰκόνος
750 2483 804 2563 τῆς
825 2487 1092 2564 παμμακαρίστον
1122 2480 1255 2567 ἐστάθη,
1278 2489 1334 2563 καί
1351 2485 1457 2565 παρό-

313 2586 467 2663 λθκληοιν
488 2582 521 2643 ἐκ
544 2582 651 2662 ψυχῆς
672 2578 751 2660 μετὰ
775 2578 922 2664 δακρόων
942 2580 1074 2661 ἔψαλλε,
1096 2585 1151 2645 καί
1171 2579 1229 2664 την
1252 2584 1469 2664 παμμακιὲρι.’

358 2703 432 2744 oros
456 2678 618 2764 ηὀπιὶσθη.
663 2680 717 2744 καί
737 2677 838 2755 οὕτως
860 2682 952 2764 ἐξέβη
972 2683 1006 2745 s’s
1027 2685 1085 2746 τοῦ
1106 2687 1197 2758 ναοί,
1219 2685 1274 2746 καί
1293 2681 1329 2744 τό
1354 2682 1458 2763 μολό-

360 2802 428 2863 ριον
449 2782 692 2861 ε’καβαλίκευσε,
717 2780 769 2843 καί
791 2785 858 2861 ares?
881 2773 983 2844 arisati
1005 2783 1060 2844 τοῦ
1079 2776 1233 2863 ἄρχοντος
1254 2782 1312 2846 κοῦ
1333 2777 1457 2868 Ξενόκη

359 3072 405 3116 σοι
424 3062 521 3114 hocin
540 3080 612 3114 more
641 3063 695 3113 sibi
723 3069 870 3132 posuerat,
895 3071 927 3114 ut
953 3065 1020 3115 citra
1048 3064 1310 3132 praetermissionem
1330 3063 1455 3133 quotidie

358 3134 411 3196 hic,
430 3151 531 3185 summa
551 3150 610 3185 cum
629 3134 801 3185 'subiectione
820 3141 848 3184 et
861 3134 963 3193 studio.
982 3133 1091 3185 faceret.
1130 3133 1164 3184 ad
1180 3151 1261 3205 quem
1282 3151 1342 3185 cum
1362 3136 1455 3186 venis-

358 3214 416 3265 set,
436 3205 496 3256 infit
522 3205 546 3255 ei
568 3204 674 3265 Turcn,
705 3205 790 3255 “sciu’
810 3202 878 3273 qnid
898 3204 1019 3254 futurum
1038 3204 1096 3255 siti
1137 3205 1183 3256 die
1210 3213 1272 3274 post
1291 3205 1454 3257 hodiernum

358 3276 454 3345 quinto
474 3278 562 3325 omnia
584 3284 671 3325 vestra
692 3275 792 3342 templa
813 3282 894 3343 atque
913 3276 1001 3340 ipsum
1019 3274 1087 3325 adeo
1107 3274 1301 3344 patriarcheum
1320 3292 1336 3324 a
1355 3274 1454 3324 lunila-

358 3348 455 3396 mentis
478 3344 659 3396 destruentur.
707 3346 748 3394 lex
772 3345 842 3393 enim
866 3344 948 3405 exiit,
976 3355 1155 3420 quaecunque
1186 3346 1279 3395 civitas
1297 3353 1452 3412 oppugnata

359 3416 429 3467 lerro
444 3424 521 3483 capta
540 3417 583 3475 sit,
599 3418 626 3465 iu
646 3433 676 3464 ea
698 3416 825 3466 Graecam
848 3416 987 3464 ecclesiam
1009 3416 1120 3465 omnino
1140 3415 1243 3466 nullam
1264 3415 1379 3483 relinqui
1402 3430 1452 3464 nec

359 3486 592 3537 extarcdebere.’'
630 3485 681 3536 lroc
699 3487 792 3535 audito
813 3486 970 3535 immutatus
999 3492 1040 3535 est
1060 3486 1134 3534 color
1157 3485 1235 3535 faciei
1258 3486 1361 3552 optimo
1379 3485 1453 3535 viror
1543 3536 1545 3541 ,

358 3557 479 3607 exalbuit
499 3554 533 3605 ad
562 3558 647 3607 instar
665 3557 780 3619 mortui,
799 3556 909 3606 tremuit
928 3564 1010 3605 totus.
1056 3556 1145 3605 valere
1167 3554 1231 3605 dein
1253 3556 1324 3605 iusso
1345 3555 1452 3622 quaesi·

357 3635 415 3678 tore
434 3626 566 3686 discessit,
584 3627 715 3695 venitque
734 3628 763 3676 in
776 3642 905 3693 ¹maguam
932 3626 1068 3676 ecclesiam
1097 3624 1131 3673 ari
1152 3624 1341 3694 patriarcham,
1362 3624 1453 3678 multis

281 3732 283 3735 -
358 3697 460 3757 obortis
479 3698 603 3747 lacrimis.
641 3698 769 3758 ascendit,
786 3714 835 3747 nec
851 3697 961 3745 verbum
981 3712 1044 3764 prae
1066 3712 1185 3745 maerore
1206 3694 1332 3763 proloqui
1355 3694 1453 3761 potuit

356 3767 505 3835 patriarcha
525 3784 584 3816 eum
607 3768 771 3834 interrogare
791 3766 857 3837 quid
876 3767 1054 3832 aegritudinis
1073 3774 1152 3831 esset,
1172 3764 1236 3835 quid
1255 3766 1306 3814 sibi
1328 3764 1453 3815 lacrimas

357 3838 468 3891 vellent.
505 3846 560 3889 tum
580 3837 624 3888 hic
644 3848 705 3908 post
726 3854 826 3887 moram
860 3836 1013 3887 “edictum”v
1039 3837 1129 3905 inquit
1157 3844 1189 3883 “a
1218 3852 1278 3903 rege
1298 3834 1450 3902 proiectum

357 3917 406 3969 est,
428 3910 556 3977 quoniam
577 3908 642 3957 haec
662 3908 724 3957 urbs
744 3908 768 3956 vi
790 3917 817 3957 et
837 3908 906 3957 malo
921 3914 1072 3974 expugnata
1090 3908 1133 3967 sit,
1155 3922 1329 3973 omnesquae
1349 3907 1375 3955 in
1396 3906 1453 3973 ipsa

357 3982 524 4045 reperiantur
553 3978 677 4029 ecclesias
699 3978 862 4027 Christianus
893 3976 1057 4027 deiiciendas
1088 3985 1115 4026 et
1135 3974 1264 4025 delendas
1284 3976 1367 4025 esse.''
1404 3993 1453 4044 pa·
1513 4013 1516 4016 -

356 4050 469 4099 triarclra
490 4048 536 4098 ubi
556 4048 607 4099 hoc
626 4049 739 4109 audivit,
761 4049 853 4113 ingens
874 4049 960 4115 ipsum
981 4055 1067 4097 metus
1092 4055 1120 4096 et
1137 4055 1238 4095 tremor
1258 4045 1384 4095 incessit:
1406 4063 1454 4097 su·

356 4118 406 4169 dor
426 4120 458 4169 de
481 4119 549 4169 lacie
569 4121 626 4169 eius
645 4117 789 4168 admodum
811 4117 984 4167 cadentis-ex
1011 4122 1072 4167 aire
1092 4117 1232 4166 interram
1252 4116 1344 4166 imbris
1365 4116 1453 4165 dellu-

355 4192 404 4239 xit.
444 4190 580 4257 extemplo
599 4190 681 4255 igitur
706 4196 830 4238 esancta
858 4187 925 4235 cella
944 4204 991 4235 sua
1018 4186 1160 4237 deseendit
1179 4188 1363 4255 templumque
1386 4204 1452 4254 npe-

356 4261 399 4309 riri
429 4261 512 4310 iussit.
562 4269 617 4310 tum
648 4266 710 4309 ante
742 4257 960 4324 pamusncaristae
978 4256 1150 4307 beatissimae
1179 4258 1289 4325 virginis
1311 4258 1451 4323 imaginem

356 4333 448 4393 stetit3
467 4331 649 4399 precationem
681 4346 713 4379 ex
731 4328 826 4383 intimo
852 4328 958 4377 animae
986 4344 1046 4377 rum
1066 4328 1181 4378 lacrimis
1200 4329 1281 4390 lecit3
1304 4329 1451 4378 sacratissi-

355 4418 423 4451 mam
443 4402 517 4451 iilam
540 4401 695 4469 complexus
714 4399 848 4449 salutavit.
888 4396 950 4447 iude
962 4399 1062 4466 templo
1082 4414 1213 4465 egressus,
1231 4401 1303 4449 mula
1322 4415 1367 4448 sua
1386 4414 1452 4447 eon-
