<?xml version="1.0" encoding="UTF-8"?>
<!DOCTYPE html PUBLIC "-//W3C//DTD XHTML 1.0 Transitional//EN"
    "http://www.w3.org/TR/xhtml1/DTD/xhtml1-transitional.dtd">
<html xmlns="http://www.w3.org/1999/xhtml" xml:lang="en" lang="en">
 <head>
  <title>
</title>
<meta http-equiv="Content-Type" content="text/html;charset=utf-8" />
  <meta name='ocr-system' content='tesseract 3.04.00' />
  <meta name='ocr-capabilities' content='ocr_page ocr_carea ocr_par ocr_line ocrx_word'/>
</head>
<body>
  <div class='ocr_page' id='page_1' title='image "./historiapolitic00bekkgoog_0082.png"; bbox 0 0 3692 5350; ppageno 0'>
   <div class='ocr_carea' id='block_1_1' title="bbox 414 1191 448 1246">
    <p class='ocr_par' dir='ltr' id='par_1_1' title="bbox 414 1191 448 1246">
     <span class='ocr_line' id='line_1_1' title="bbox 414 1191 448 1246; baseline -0.088 0"><span class='ocrx_word' id='word_1_1' title='bbox 414 1191 448 1246; x_wconf 80' lang='lat' dir='ltr'>tt</span> 
     </span>
    </p>
   </div>
   <div class='ocr_carea' id='block_1_2' title="bbox 463 535 1113 603">
    <p class='ocr_par' dir='ltr' id='par_1_2' title="bbox 463 535 1113 603">
     <span class='ocr_line' id='line_1_2' title="bbox 463 535 1113 603; baseline -0.008 0"><span class='ocrx_word' id='word_1_2' title='bbox 463 535 509 603; x_wconf 74' lang='lat'>72</span> <span class='ocrx_word' id='word_1_3' title='bbox 918 535 1113 600; x_wconf 67' lang='lat' dir='ltr'>maioma</span> 
     </span>
    </p>
   </div>
   <div class='ocr_carea' id='block_1_3' title="bbox 458 674 1616 1267">
    <p class='ocr_par' dir='ltr' id='par_1_3' title="bbox 458 674 1616 1267">
     <span class='ocr_line' id='line_1_3' title="bbox 460 674 1553 768; baseline -0.006 -17"><span class='ocrx_word' id='word_1_4' title='bbox 460 684 561 751; x_wconf 85' lang='grc' dir='ltr'><strong><em>ου’τδυ</em></strong></span> <span class='ocrx_word' id='word_1_5' title='bbox 582 678 739 768; x_wconf 76' lang='grc' dir='ltr'><strong><em>αύθέντηυ</em></strong></span> <span class='ocrx_word' id='word_1_6' title='bbox 760 682 815 748; x_wconf 81' lang='grc' dir='ltr'>καί</span> <span class='ocrx_word' id='word_1_7' title='bbox 835 684 996 766; x_wconf 80' lang='grc' dir='ltr'><strong><em>κυριεύσει</em></strong></span> <span class='ocrx_word' id='word_1_8' title='bbox 1018 687 1142 757; x_wconf 76' lang='grc' dir='ltr'><strong><em>ἐκεῖνος.</em></strong></span> <span class='ocrx_word' id='word_1_9' title='bbox 1188 676 1349 747; x_wconf 81' lang='grc' dir='ltr'><strong><em>άπίκτεινε</em></strong></span> <span class='ocrx_word' id='word_1_10' title='bbox 1372 683 1406 744; x_wconf 83' lang='grc' dir='ltr'>δὲ</span> <span class='ocrx_word' id='word_1_11' title='bbox 1419 682 1476 744; x_wconf 81' lang='grc' dir='ltr'>καί</span> <span class='ocrx_word' id='word_1_12' title='bbox 1496 674 1553 745; x_wconf 80' lang='grc' dir='ltr'>άλ-</span> 
     </span>
     <span class='ocr_line' id='line_1_4' title="bbox 459 779 1616 866; baseline -0.004 -16"><span class='ocrx_word' id='word_1_13' title='bbox 459 793 533 860; x_wconf 82' lang='grc' dir='ltr'><strong><em>λους</em></strong></span> <span class='ocrx_word' id='word_1_14' title='bbox 556 782 691 860; x_wconf 85' lang='grc' dir='ltr'><strong><em>πολλούς</em></strong></span> <span class='ocrx_word' id='word_1_15' title='bbox 711 785 900 866; x_wconf 79' lang='grc' dir='ltr'><em>μεγιστᾶνας</em></span> <span class='ocrx_word' id='word_1_16' title='bbox 932 786 986 847; x_wconf 84' lang='grc' dir='ltr'>καί</span> <span class='ocrx_word' id='word_1_17' title='bbox 1015 782 1139 866; x_wconf 82' lang='grc' dir='ltr'><strong><em>κριτάς,</em></strong></span> <span class='ocrx_word' id='word_1_18' title='bbox 1173 779 1225 846; x_wconf 83' lang='grc' dir='ltr'>τὸν</span> <span class='ocrx_word' id='word_1_19' title='bbox 1252 780 1477 863; x_wconf 76' lang='grc' dir='ltr'><strong><em>Δεκανίκογχη,</em></strong></span> <span class='ocrx_word' id='word_1_20' title='bbox 1500 781 1553 847; x_wconf 74' lang='lat' dir='ltr'>adv</span> <span class='ocrx_word' id='word_1_21' title='bbox 1614 813 1616 816; x_wconf 47' lang='lat'><em>⁴</em></span> 
     </span>
     <span class='ocr_line' id='line_1_5' title="bbox 459 875 1553 962; baseline -0.004 -14"><span class='ocrx_word' id='word_1_22' title='bbox 459 885 491 948; x_wconf 89' lang='grc' dir='ltr'>Γ</span> <span class='ocrx_word' id='word_1_23' title='bbox 489 887 720 946; x_wconf 88' lang='grc' dir='ltr'><strong><em>ιανουσπασιάν</em></strong></span> <span class='ocrx_word' id='word_1_24' title='bbox 734 884 788 945; x_wconf 85' lang='grc' dir='ltr'>καί</span> <span class='ocrx_word' id='word_1_25' title='bbox 801 875 1072 957; x_wconf 76' lang='grc' dir='ltr'><strong><em>άλλουςίναυούς.</em></strong></span> <span class='ocrx_word' id='word_1_26' title='bbox 1116 884 1248 945; x_wconf 74' lang='grc' dir='ltr'><strong><em>διέκειτο</em></strong></span> <span class='ocrx_word' id='word_1_27' title='bbox 1262 884 1297 944; x_wconf 83' lang='grc' dir='ltr'>δὲ</span> <span class='ocrx_word' id='word_1_28' title='bbox 1317 879 1396 961; x_wconf 86' lang='grc' dir='ltr'><strong><em>πρὸς</em></strong></span> <span class='ocrx_word' id='word_1_29' title='bbox 1415 878 1450 942; x_wconf 85' lang='grc' dir='ltr'>τύ</span> <span class='ocrx_word' id='word_1_30' title='bbox 1477 876 1553 962; x_wconf 77' lang='grc' dir='ltr'><strong><em>ἦμέ-</em></strong></span> 
     </span>
     <span class='ocr_line' id='line_1_6' title="bbox 458 975 1551 1069; baseline -0.004 -23"><span class='ocrx_word' id='word_1_31' title='bbox 458 1004 549 1064; x_wconf 87' lang='grc' dir='ltr'><strong><em>τερον</em></strong></span> <span class='ocrx_word' id='word_1_32' title='bbox 571 983 657 1064; x_wconf 74' lang='grc' dir='ltr'><strong><em>γένος</em></strong></span> <span class='ocrx_word' id='word_1_33' title='bbox 678 984 793 1062; x_wconf 77' lang='grc' dir='ltr'><strong><em>καλῶς,</em></strong></span> <span class='ocrx_word' id='word_1_34' title='bbox 814 984 870 1044; x_wconf 84' lang='grc' dir='ltr'>καί</span> <span class='ocrx_word' id='word_1_35' title='bbox 890 984 1003 1069; x_wconf 80' lang='grc' dir='ltr'><strong><em>η’νέηιξε</em></strong></span> <span class='ocrx_word' id='word_1_36' title='bbox 1018 979 1073 1044; x_wconf 87' lang='grc' dir='ltr'>καί</span> <span class='ocrx_word' id='word_1_37' title='bbox 1093 977 1187 1054; x_wconf 88' lang='grc' dir='ltr'><strong><em>ναούς</em></strong></span> <span class='ocrx_word' id='word_1_38' title='bbox 1207 975 1473 1065; x_wconf 39' lang='grc' dir='ltr'><strong><em>ἧμετέρ-ουςλούς</em></strong></span> <span class='ocrx_word' id='word_1_39' title='bbox 1494 1003 1551 1063; x_wconf 87' lang='grc' dir='ltr'><strong><em>περ</em></strong></span> 
     </span>
     <span class='ocr_line' id='line_1_7' title="bbox 459 1078 1578 1163; baseline 0 -19"><span class='ocrx_word' id='word_1_40' title='bbox 459 1082 640 1145; x_wconf 74' lang='grc' dir='ltr'><strong><em>ἀπέκλεισεν</em></strong></span> <span class='ocrx_word' id='word_1_41' title='bbox 663 1079 679 1144; x_wconf 83' lang='grc' dir='ltr'><strong><em>δ</em></strong></span> <span class='ocrx_word' id='word_1_42' title='bbox 702 1078 806 1163; x_wconf 72' lang='grc' dir='ltr'><strong><em>πατὴρ</em></strong></span> <span class='ocrx_word' id='word_1_43' title='bbox 830 1079 942 1144; x_wconf 69' lang='grc' dir='ltr'><strong><em>αὑτοῦ.</em></strong></span> <span class='ocrx_word' id='word_1_44' title='bbox 1282 1131 1287 1148; x_wconf 80' lang='grc'><strong>.</strong></span> <span class='ocrx_word' id='word_1_45' title='bbox 1562 1092 1578 1144; x_wconf 75' lang='lat' dir='ltr'>t</span> 
     </span>
     <span class='ocr_line' id='line_1_8' title="bbox 562 1165 1553 1267; baseline -0.002 -25"><span class='ocrx_word' id='word_1_46' title='bbox 562 1181 608 1242; x_wconf 84' lang='grc' dir='ltr'>Ἐν</span> <span class='ocrx_word' id='word_1_47' title='bbox 635 1165 728 1267; x_wconf 70' lang='grc' dir='ltr'><strong><em>δλίηιῳ</em></strong></span> <span class='ocrx_word' id='word_1_48' title='bbox 756 1181 792 1242; x_wconf 85' lang='grc' dir='ltr'>δὲ</span> <span class='ocrx_word' id='word_1_49' title='bbox 821 1177 987 1259; x_wconf 74' lang='grc' dir='ltr'><strong><em>στρατεύει</em></strong></span> <span class='ocrx_word' id='word_1_50' title='bbox 1013 1175 1093 1240; x_wconf 82' lang='grc' dir='ltr'><strong><em>κατά</em></strong></span> <span class='ocrx_word' id='word_1_51' title='bbox 1124 1179 1180 1258; x_wconf 81' lang='grc' dir='ltr'><strong><em>τῆς</em></strong></span> <span class='ocrx_word' id='word_1_52' title='bbox 1212 1177 1358 1262; x_wconf 75' lang='grc' dir='ltr'><strong><em>Περσίας</em></strong></span> <span class='ocrx_word' id='word_1_53' title='bbox 1386 1176 1445 1240; x_wconf 83' lang='grc' dir='ltr'>τού</span> <span class='ocrx_word' id='word_1_54' title='bbox 1482 1175 1553 1259; x_wconf 79' lang='grc' dir='ltr'>Σάχ</span> 
     </span>
    </p>
   </div>
   <div class='ocr_carea' id='block_1_4' title="bbox 441 1269 1553 1362">
    <p class='ocr_par' dir='ltr' id='par_1_4' title="bbox 441 1269 1553 1362">
     <span class='ocr_line' id='line_1_9' title="bbox 441 1269 1553 1362; baseline -0.005 -17"><span class='ocrx_word' id='word_1_55' title='bbox 441 1279 593 1361; x_wconf 64' lang='grc' dir='ltr'><strong><em>Ἰσραήλ,</em></strong></span> <span class='ocrx_word' id='word_1_56' title='bbox 613 1274 648 1354; x_wconf 81' lang='grc' dir='ltr'><strong><em>δς</em></strong></span> <span class='ocrx_word' id='word_1_57' title='bbox 670 1271 708 1362; x_wconf 72' lang='grc' dir='ltr'>ἦν</span> <span class='ocrx_word' id='word_1_58' title='bbox 728 1275 798 1352; x_wconf 75' lang='lat' dir='ltr'>viic</span> <span class='ocrx_word' id='word_1_59' title='bbox 811 1278 938 1357; x_wconf 87' lang='grc' dir='ltr'><strong><em>Χαϊτάρ</em></strong></span> <span class='ocrx_word' id='word_1_60' title='bbox 954 1281 1008 1342; x_wconf 86' lang='grc' dir='ltr'>καί</span> <span class='ocrx_word' id='word_1_61' title='bbox 1024 1269 1113 1351; x_wconf 80' lang='grc' dir='ltr'><strong><em>οὗτος</em></strong></span> <span class='ocrx_word' id='word_1_62' title='bbox 1133 1280 1191 1341; x_wconf 82' lang='grc' dir='ltr'>τοῦ</span> <span class='ocrx_word' id='word_1_63' title='bbox 1205 1277 1367 1359; x_wconf 82' lang='grc' dir='ltr'><strong><em>τζουνεπῆ,</em></strong></span> <span class='ocrx_word' id='word_1_64' title='bbox 1389 1279 1425 1340; x_wconf 83' lang='grc' dir='ltr'>ἒκ</span> <span class='ocrx_word' id='word_1_65' title='bbox 1442 1281 1553 1358; x_wconf 78' lang='grc' dir='ltr'><strong><em>γένους</em></strong></span> 
     </span>
    </p>
   </div>
   <div class='ocr_carea' id='block_1_5' title="bbox 455 1369 1631 2654">
    <p class='ocr_par' dir='ltr' id='par_1_5' title="bbox 455 1369 1631 2654">
     <span class='ocr_line' id='line_1_10' title="bbox 455 1369 1552 1464; baseline -0.004 -20"><span class='ocrx_word' id='word_1_66' title='bbox 455 1377 664 1462; x_wconf 78' lang='grc' dir='ltr'><strong><em>καταγόμενοι</em></strong></span> <span class='ocrx_word' id='word_1_67' title='bbox 682 1382 740 1441; x_wconf 79' lang='grc' dir='ltr'>τοῦ</span> <span class='ocrx_word' id='word_1_68' title='bbox 757 1372 846 1458; x_wconf 58' lang='lat' dir='ltr'>’Ait’</span> <span class='ocrx_word' id='word_1_69' title='bbox 868 1371 903 1450; x_wconf 80' lang='grc' dir='ltr'><strong><em>ὃς</em></strong></span> <span class='ocrx_word' id='word_1_70' title='bbox 926 1369 963 1458; x_wconf 81' lang='grc' dir='ltr'>ἦν</span> <span class='ocrx_word' id='word_1_71' title='bbox 985 1379 1036 1440; x_wconf 80' lang='grc' dir='ltr'>ἐπ’</span> <span class='ocrx_word' id='word_1_72' title='bbox 1056 1378 1179 1464; x_wconf 70' lang='grc' dir='ltr'><strong><em>ἀδελφῇ</em></strong></span> <span class='ocrx_word' id='word_1_73' title='bbox 1204 1375 1347 1459; x_wconf 79' lang='grc' dir='ltr'><strong><em>γαμβρὸς</em></strong></span> <span class='ocrx_word' id='word_1_74' title='bbox 1366 1377 1424 1440; x_wconf 85' lang='grc' dir='ltr'>τού</span> <span class='ocrx_word' id='word_1_75' title='bbox 1445 1375 1552 1440; x_wconf 78' lang='lat' dir='ltr'>Muci·</span> 
     </span>
     <span class='ocr_line' id='line_1_11' title="bbox 456 1469 1553 1560; baseline 0.001 -21"><span class='ocrx_word' id='word_1_76' title='bbox 456 1483 530 1558; x_wconf 75' lang='grc' dir='ltr'><strong><em>μεθ.</em></strong></span> <span class='ocrx_word' id='word_1_77' title='bbox 571 1469 653 1559; x_wconf 76' lang='grc' dir='ltr'><strong><em>ἦσαν</em></strong></span> <span class='ocrx_word' id='word_1_78' title='bbox 675 1477 710 1540; x_wconf 83' lang='grc' dir='ltr'>δὲ</span> <span class='ocrx_word' id='word_1_79' title='bbox 735 1479 885 1555; x_wconf 84' lang='grc' dir='ltr'><strong><em>σε’ίτιδες,</em></strong></span> <span class='ocrx_word' id='word_1_80' title='bbox 909 1473 1032 1560; x_wconf 76' lang='grc' dir='ltr'><strong><em>ἔχοντες</em></strong></span> <span class='ocrx_word' id='word_1_81' title='bbox 1058 1480 1150 1541; x_wconf 74' lang='lat' dir='ltr'>Tenis·</span> <span class='ocrx_word' id='word_1_82' title='bbox 1173 1475 1228 1540; x_wconf 82' lang='grc' dir='ltr'>καί</span> <span class='ocrx_word' id='word_1_83' title='bbox 1245 1476 1350 1557; x_wconf 84' lang='grc' dir='ltr'><strong><em>χωρία</em></strong></span> <span class='ocrx_word' id='word_1_84' title='bbox 1373 1473 1473 1540; x_wconf 84' lang='grc' dir='ltr'><strong><em>πολλά</em></strong></span> <span class='ocrx_word' id='word_1_85' title='bbox 1496 1475 1553 1540; x_wconf 85' lang='grc' dir='ltr'>καί</span> 
     </span>
     <span class='ocr_line' id='line_1_12' title="bbox 456 1568 1593 1660; baseline -0.004 -20"><span class='ocrx_word' id='word_1_86' title='bbox 456 1576 535 1640; x_wconf 80' lang='grc' dir='ltr'><strong><em>λαὸν</em></strong></span> <span class='ocrx_word' id='word_1_87' title='bbox 556 1573 664 1640; x_wconf 83' lang='grc' dir='ltr'><strong><em>πολύν·</em></strong></span> <span class='ocrx_word' id='word_1_88' title='bbox 706 1573 722 1640; x_wconf 84' lang='grc' dir='ltr'><em>ὃ</em></span> <span class='ocrx_word' id='word_1_89' title='bbox 743 1576 869 1651; x_wconf 86' lang='grc' dir='ltr'><strong><em>πάππος</em></strong></span> <span class='ocrx_word' id='word_1_90' title='bbox 891 1571 1046 1641; x_wconf 68' lang='lat' dir='ltr'>dictitari</span> <span class='ocrx_word' id='word_1_91' title='bbox 1066 1568 1105 1660; x_wconf 78' lang='grc' dir='ltr'>ἦν</span> <span class='ocrx_word' id='word_1_92' title='bbox 1127 1571 1162 1651; x_wconf 85' lang='grc' dir='ltr'><strong><em>δς</em></strong></span> <span class='ocrx_word' id='word_1_93' title='bbox 1184 1573 1319 1658; x_wconf 79' lang='grc' dir='ltr'><strong><em>ἐπάτησε</em></strong></span> <span class='ocrx_word' id='word_1_94' title='bbox 1342 1573 1400 1654; x_wconf 68' lang='grc' dir='ltr'>τὴν</span> <span class='ocrx_word' id='word_1_95' title='bbox 1425 1580 1593 1657; x_wconf 62' lang='lat' dir='ltr'>Tricas-tt</span> 
     </span>
     <span class='ocr_line' id='line_1_13' title="bbox 457 1669 1550 1761; baseline -0.003 -20"><span class='ocrx_word' id='word_1_96' title='bbox 457 1676 571 1754; x_wconf 83' lang='grc' dir='ltr'><strong><em>ζούντα</em></strong></span> <span class='ocrx_word' id='word_1_97' title='bbox 594 1673 650 1739; x_wconf 85' lang='grc' dir='ltr'>καί</span> <span class='ocrx_word' id='word_1_98' title='bbox 680 1674 780 1740; x_wconf 85' lang='grc' dir='ltr'><strong><em>πολλά</em></strong></span> <span class='ocrx_word' id='word_1_99' title='bbox 809 1676 1041 1761; x_wconf 74' lang='grc' dir='ltr'><strong><em>ᾐχμαλώτισεν.</em></strong></span> <span class='ocrx_word' id='word_1_100' title='bbox 1094 1671 1171 1739; x_wconf 74' lang='grc' dir='ltr'><strong><em>ὅθεν</em></strong></span> <span class='ocrx_word' id='word_1_101' title='bbox 1195 1678 1334 1757; x_wconf 78' lang='grc' dir='ltr'><strong><em>κινηθείς</em></strong></span> <span class='ocrx_word' id='word_1_102' title='bbox 1367 1669 1383 1735; x_wconf 84' lang='grc' dir='ltr'><strong><em>δ</em></strong></span> <span class='ocrx_word' id='word_1_103' title='bbox 1413 1673 1550 1739; x_wconf 85' lang='grc' dir='ltr'><strong><em>οουλτάν</em></strong></span> 
     </span>
     <span class='ocr_line' id='line_1_14' title="bbox 456 1769 1551 1858; baseline -0.002 -20"><span class='ocrx_word' id='word_1_104' title='bbox 456 1776 657 1858; x_wconf 78' lang='grc' dir='ltr'><strong><em>Μεχεμίτης,</em></strong></span> <span class='ocrx_word' id='word_1_105' title='bbox 678 1778 733 1838; x_wconf 86' lang='grc' dir='ltr'>καί</span> <span class='ocrx_word' id='word_1_106' title='bbox 753 1774 848 1839; x_wconf 80' lang='grc' dir='ltr'><strong><em>εἰπάν</em></strong></span> <span class='ocrx_word' id='word_1_107' title='bbox 878 1769 924 1854; x_wconf 78' lang='grc' dir='ltr'><strong><em>ὅτι</em></strong></span> <span class='ocrx_word' id='word_1_108' title='bbox 955 1773 1011 1840; x_wconf 82' lang='grc' dir='ltr'><strong><em>ε’άν</em></strong></span> <span class='ocrx_word' id='word_1_109' title='bbox 1034 1779 1150 1850; x_wconf 82' lang='grc' dir='ltr'><strong><em>ἐκεῖνος</em></strong></span> <span class='ocrx_word' id='word_1_110' title='bbox 1177 1776 1306 1841; x_wconf 79' lang='grc' dir='ltr'><strong><em>τοιαῦτα</em></strong></span> <span class='ocrx_word' id='word_1_111' title='bbox 1326 1776 1469 1857; x_wconf 80' lang='grc' dir='ltr'><strong><em>ἐποίησε,</em></strong></span> <span class='ocrx_word' id='word_1_112' title='bbox 1492 1772 1551 1838; x_wconf 83' lang='grc' dir='ltr'>πύ-</span> 
     </span>
     <span class='ocr_line' id='line_1_15' title="bbox 456 1872 1552 1959; baseline 0.006 -24"><span class='ocrx_word' id='word_1_113' title='bbox 456 1894 513 1936; x_wconf 90' lang='grc' dir='ltr'>οον</span> <span class='ocrx_word' id='word_1_114' title='bbox 535 1875 628 1937; x_wconf 81' lang='grc' dir='ltr'><strong><em>πλέον</em></strong></span> <span class='ocrx_word' id='word_1_115' title='bbox 652 1873 771 1958; x_wconf 73' lang='grc' dir='ltr'><strong><em>ποιησει</em></strong></span> <span class='ocrx_word' id='word_1_116' title='bbox 796 1874 912 1955; x_wconf 76' lang='grc' dir='ltr'><strong><em>αύτύςς</em></strong></span> <span class='ocrx_word' id='word_1_117' title='bbox 935 1878 1122 1959; x_wconf 75' lang='grc' dir='ltr'><strong><em>ἐστράτευσε</em></strong></span> <span class='ocrx_word' id='word_1_118' title='bbox 1142 1872 1221 1939; x_wconf 83' lang='grc' dir='ltr'><strong><em>κατά</em></strong></span> <span class='ocrx_word' id='word_1_119' title='bbox 1240 1875 1475 1958; x_wconf 76' lang='grc' dir='ltr'><strong><em>Τραπεζοῦντος</em></strong></span> <span class='ocrx_word' id='word_1_120' title='bbox 1496 1879 1552 1942; x_wconf 82' lang='grc' dir='ltr'>καί</span> 
     </span>
     <span class='ocr_line' id='line_1_16' title="bbox 457 1968 1550 2058; baseline 0.004 -24"><span class='ocrx_word' id='word_1_121' title='bbox 457 1969 631 2037; x_wconf 78' lang='grc' dir='ltr'><strong><em>ἐδούλωσεν</em></strong></span> <span class='ocrx_word' id='word_1_122' title='bbox 654 1976 762 2058; x_wconf 80' lang='grc' dir='ltr'><strong><em>ου’τήν.</em></strong></span> <span class='ocrx_word' id='word_1_123' title='bbox 791 1968 841 2039; x_wconf 70' lang='lat' dir='ltr'>irs</span> <span class='ocrx_word' id='word_1_124' title='bbox 862 1976 916 2039; x_wconf 86' lang='grc' dir='ltr'>καί</span> <span class='ocrx_word' id='word_1_125' title='bbox 938 1973 1121 2040; x_wconf 79' lang='grc' dir='ltr'><strong><em>σκανδάλων</em></strong></span> <span class='ocrx_word' id='word_1_126' title='bbox 1151 1975 1274 2040; x_wconf 80' lang='grc' dir='ltr'><strong><em>πολλῶν</em></strong></span> <span class='ocrx_word' id='word_1_127' title='bbox 1296 1976 1351 2038; x_wconf 88' lang='grc' dir='ltr'>καί</span> <span class='ocrx_word' id='word_1_128' title='bbox 1370 1975 1550 2039; x_wconf 87' lang='grc' dir='ltr'><strong><em>άκαταστα-</em></strong></span> 
     </span>
     <span class='ocr_line' id='line_1_17' title="bbox 458 2072 1594 2162; baseline -0.002 -26"><span class='ocrx_word' id='word_1_129' title='bbox 458 2075 535 2136; x_wconf 74' lang='lat' dir='ltr'>ursin</span> <span class='ocrx_word' id='word_1_130' title='bbox 562 2078 735 2155; x_wconf 76' lang='grc' dir='ltr'><strong><em>γενομένων</em></strong></span> <span class='ocrx_word' id='word_1_131' title='bbox 755 2078 788 2140; x_wconf 83' lang='grc' dir='ltr'>ἑν</span> <span class='ocrx_word' id='word_1_132' title='bbox 810 2076 957 2160; x_wconf 73' lang='grc' dir='ltr'><strong><em>Περσίᾳ,</em></strong></span> <span class='ocrx_word' id='word_1_133' title='bbox 992 2072 1140 2155; x_wconf 75' lang='grc' dir='ltr'><strong><em>ἔπεμψαν</em></strong></span> <span class='ocrx_word' id='word_1_134' title='bbox 1160 2074 1212 2137; x_wconf 77' lang='grc' dir='ltr'>ἵνα</span> <span class='ocrx_word' id='word_1_135' title='bbox 1233 2072 1312 2161; x_wconf 77' lang='grc' dir='ltr'><strong><em>ἔλθη</em></strong></span> <span class='ocrx_word' id='word_1_136' title='bbox 1334 2097 1380 2148; x_wconf 89' lang='grc' dir='ltr'>τις</span> <span class='ocrx_word' id='word_1_137' title='bbox 1401 2075 1550 2162; x_wconf 64' lang='grc' dir='ltr'><strong><em>Ἐμυρζξς</em></strong></span> <span class='ocrx_word' id='word_1_138' title='bbox 1561 2083 1594 2134; x_wconf 75' lang='grc'>15</span> 
     </span>
     <span class='ocr_line' id='line_1_18' title="bbox 457 2167 1575 2258; baseline 0.004 -24"><span class='ocrx_word' id='word_1_139' title='bbox 457 2169 621 2255; x_wconf 72' lang='grc' dir='ltr'><strong><em>λεγόμενος</em></strong></span> <span class='ocrx_word' id='word_1_140' title='bbox 643 2179 697 2238; x_wconf 86' lang='grc' dir='ltr'>καί</span> <span class='ocrx_word' id='word_1_141' title='bbox 716 2173 867 2258; x_wconf 72' lang='grc' dir='ltr'><strong><em>κυριεύσῃ</em></strong></span> <span class='ocrx_word' id='word_1_142' title='bbox 889 2176 1049 2257; x_wconf 85' lang='grc' dir='ltr'><strong><em>Περσίας,</em></strong></span> <span class='ocrx_word' id='word_1_143' title='bbox 1079 2170 1099 2236; x_wconf 80' lang='grc' dir='ltr'><strong><em>δ</em></strong></span> <span class='ocrx_word' id='word_1_144' title='bbox 1120 2177 1178 2236; x_wconf 85' lang='grc' dir='ltr'>ούκ</span> <span class='ocrx_word' id='word_1_145' title='bbox 1197 2176 1328 2255; x_wconf 79' lang='grc' dir='ltr'><strong><em>ἐγένετο.</em></strong></span> <span class='ocrx_word' id='word_1_146' title='bbox 1377 2173 1494 2254; x_wconf 74' lang='grc' dir='ltr'><strong><em>μαθων</em></strong></span> <span class='ocrx_word' id='word_1_147' title='bbox 1516 2177 1552 2238; x_wconf 82' lang='grc' dir='ltr'>δὲ</span> <span class='ocrx_word' id='word_1_148' title='bbox 1572 2167 1575 2179; x_wconf 76' lang='grc'><strong>’</strong></span> 
     </span>
     <span class='ocr_line' id='line_1_19' title="bbox 458 2267 1631 2356; baseline 0.003 -24"><span class='ocrx_word' id='word_1_149' title='bbox 458 2269 475 2332; x_wconf 77' lang='grc' dir='ltr'>ὅ</span> <span class='ocrx_word' id='word_1_150' title='bbox 500 2267 571 2351; x_wconf 82' lang='grc' dir='ltr'>Σάχ</span> <span class='ocrx_word' id='word_1_151' title='bbox 591 2271 752 2355; x_wconf 79' lang='grc' dir='ltr'><strong><em>Ἰσμαίλης</em></strong></span> <span class='ocrx_word' id='word_1_152' title='bbox 782 2273 838 2346; x_wconf 85' lang='grc' dir='ltr'><strong><em>τοὶς</em></strong></span> <span class='ocrx_word' id='word_1_153' title='bbox 870 2274 1019 2348; x_wconf 87' lang='grc' dir='ltr'><strong><em>τοιαύτας</em></strong></span> <span class='ocrx_word' id='word_1_154' title='bbox 1055 2271 1291 2347; x_wconf 85' lang='grc' dir='ltr'><strong><em>α’κατασιασίας</em></strong></span> <span class='ocrx_word' id='word_1_155' title='bbox 1310 2276 1365 2336; x_wconf 81' lang='grc' dir='ltr'>καί</span> <span class='ocrx_word' id='word_1_156' title='bbox 1384 2271 1552 2356; x_wconf 82' lang='grc' dir='ltr'><strong><em>α’ναρχίας,</em></strong></span> <span class='ocrx_word' id='word_1_157' title='bbox 1628 2299 1631 2303; x_wconf 65' lang='grc'>’</span> 
     </span>
     <span class='ocr_line' id='line_1_20' title="bbox 457 2367 1552 2455; baseline 0.002 -23"><span class='ocrx_word' id='word_1_158' title='bbox 457 2367 649 2454; x_wconf 67' lang='grc' dir='ltr'><strong><em>εἰσπηδήσας</em></strong></span> <span class='ocrx_word' id='word_1_159' title='bbox 672 2368 766 2452; x_wconf 78' lang='grc' dir='ltr'><strong><em>ἔλαβε</em></strong></span> <span class='ocrx_word' id='word_1_160' title='bbox 799 2371 858 2452; x_wconf 78' lang='grc' dir='ltr'>τὴν</span> <span class='ocrx_word' id='word_1_161' title='bbox 879 2369 984 2454; x_wconf 75' lang='grc' dir='ltr'><strong><em>α’ρχην</em></strong></span> <span class='ocrx_word' id='word_1_162' title='bbox 1007 2372 1103 2435; x_wconf 86' lang='grc' dir='ltr'><strong><em>κόπου</em></strong></span> <span class='ocrx_word' id='word_1_163' title='bbox 1127 2375 1236 2453; x_wconf 85' lang='grc' dir='ltr'><strong><em>χωρίς.</em></strong></span> <span class='ocrx_word' id='word_1_164' title='bbox 1287 2370 1410 2455; x_wconf 75' lang='grc' dir='ltr'><strong><em>ὑπῆρχε</em></strong></span> <span class='ocrx_word' id='word_1_165' title='bbox 1430 2375 1466 2437; x_wconf 84' lang='grc' dir='ltr'>δὲ</span> <span class='ocrx_word' id='word_1_166' title='bbox 1490 2373 1552 2436; x_wconf 84' lang='grc' dir='ltr'>αύ-</span> 
     </span>
     <span class='ocr_line' id='line_1_21' title="bbox 456 2454 1552 2554; baseline 0.003 -22"><span class='ocrx_word' id='word_1_167' title='bbox 456 2467 512 2544; x_wconf 83' lang='grc' dir='ltr'><strong><em>τύς</em></strong></span> <span class='ocrx_word' id='word_1_168' title='bbox 535 2473 570 2532; x_wconf 81' lang='grc' dir='ltr'>ὲκ</span> <span class='ocrx_word' id='word_1_169' title='bbox 592 2475 700 2550; x_wconf 78' lang='grc' dir='ltr'><strong><em>γένους</em></strong></span> <span class='ocrx_word' id='word_1_170' title='bbox 722 2471 840 2536; x_wconf 79' lang='grc' dir='ltr'><strong><em>ἐκείνου</em></strong></span> <span class='ocrx_word' id='word_1_171' title='bbox 861 2473 895 2536; x_wconf 82' lang='grc' dir='ltr'>ἐκ</span> <span class='ocrx_word' id='word_1_172' title='bbox 916 2475 973 2554; x_wconf 83' lang='grc' dir='ltr'><strong><em>τῆς</em></strong></span> <span class='ocrx_word' id='word_1_173' title='bbox 993 2476 1060 2543; x_wconf 83' lang='grc' dir='ltr'>τούΙ</span> <span class='ocrx_word' id='word_1_174' title='bbox 1076 2470 1201 2548; x_wconf 83' lang='grc' dir='ltr'><strong><em>Ούζούυ</em></strong></span> <span class='ocrx_word' id='word_1_175' title='bbox 1224 2467 1360 2553; x_wconf 80' lang='grc' dir='ltr'><strong><em>Χαοάυη</em></strong></span> <span class='ocrx_word' id='word_1_176' title='bbox 1380 2454 1552 2553; x_wconf 52' lang='lat' dir='ltr'>adramis</span> 
     </span>
     <span class='ocr_line' id='line_1_22' title="bbox 456 2566 1595 2654; baseline 0 -22"><span class='ocrx_word' id='word_1_177' title='bbox 456 2566 621 2650; x_wconf 84' lang='grc' dir='ltr'><strong><em>ε’κυρίευσε</em></strong></span> <span class='ocrx_word' id='word_1_178' title='bbox 650 2573 686 2634; x_wconf 83' lang='grc' dir='ltr'>δὲ</span> <span class='ocrx_word' id='word_1_179' title='bbox 711 2569 810 2636; x_wconf 86' lang='grc' dir='ltr'><strong><em>πάντα</em></strong></span> <span class='ocrx_word' id='word_1_180' title='bbox 834 2570 929 2636; x_wconf 85' lang='grc' dir='ltr'><strong><em>τύπον</em></strong></span> <span class='ocrx_word' id='word_1_181' title='bbox 954 2574 1010 2637; x_wconf 88' lang='grc' dir='ltr'><strong><em>καί</em></strong></span> <span class='ocrx_word' id='word_1_182' title='bbox 1034 2572 1144 2654; x_wconf 80' lang='grc' dir='ltr'><strong><em>χώραν</em></strong></span> <span class='ocrx_word' id='word_1_183' title='bbox 1162 2568 1220 2644; x_wconf 78' lang='grc' dir='ltr'><strong><em>ἕως</em></strong></span> <span class='ocrx_word' id='word_1_184' title='bbox 1241 2572 1444 2651; x_wconf 77' lang='grc' dir='ltr'><strong><em>Βαβυλῶνος,</em></strong></span> <span class='ocrx_word' id='word_1_185' title='bbox 1465 2574 1595 2643; x_wconf 67' lang='lat' dir='ltr'>Exn-20</span> 
     </span>
    </p>
   </div>
   <div class='ocr_carea' id='block_1_6' title="bbox 456 2663 1550 2758">
    <p class='ocr_par' dir='ltr' id='par_1_6' title="bbox 456 2663 1550 2758">
     <span class='ocr_line' id='line_1_23' title="bbox 456 2663 1550 2758; baseline 0 -25"><span class='ocrx_word' id='word_1_186' title='bbox 456 2673 541 2749; x_wconf 69' lang='grc' dir='ltr'><strong><em>δίας,</em></strong></span> <span class='ocrx_word' id='word_1_187' title='bbox 562 2668 710 2747; x_wconf 79' lang='grc' dir='ltr'><strong><em>Κασσίοις</em></strong></span> <span class='ocrx_word' id='word_1_188' title='bbox 730 2673 896 2758; x_wconf 76' lang='grc' dir='ltr'><strong><em>θαλάσσης</em></strong></span> <span class='ocrx_word' id='word_1_189' title='bbox 916 2676 971 2737; x_wconf 86' lang='grc' dir='ltr'>καί</span> <span class='ocrx_word' id='word_1_190' title='bbox 986 2676 1086 2757; x_wconf 76' lang='grc' dir='ltr'><strong><em>μέχρι</em></strong></span> <span class='ocrx_word' id='word_1_191' title='bbox 1107 2672 1257 2737; x_wconf 80' lang='grc' dir='ltr'><strong><em>ω’κεανού.</em></strong></span> <span class='ocrx_word' id='word_1_192' title='bbox 1299 2663 1422 2754; x_wconf 76' lang='grc' dir='ltr'><strong><em>ηύξηθη</em></strong></span> <span class='ocrx_word' id='word_1_193' title='bbox 1443 2672 1479 2735; x_wconf 79' lang='grc' dir='ltr'>δὲ</span> <span class='ocrx_word' id='word_1_194' title='bbox 1497 2669 1550 2736; x_wconf 88' lang='grc' dir='ltr'>τύ-</span> 
     </span>
    </p>
   </div>
   <div class='ocr_carea' id='block_1_7' title="bbox 454 2970 1547 3398">
    <p class='ocr_par' dir='ltr' id='par_1_7' title="bbox 454 2970 1547 3398">
     <span class='ocr_line' id='line_1_24' title="bbox 456 2970 1547 3043; baseline 0.001 -19"><span class='ocrx_word' id='word_1_195' title='bbox 456 2973 626 3041; x_wconf 88' lang='lat' dir='ltr'>Mustapham</span> <span class='ocrx_word' id='word_1_196' title='bbox 641 2974 754 3036; x_wconf 86' lang='lat' dir='ltr'>bassam,</span> <span class='ocrx_word' id='word_1_197' title='bbox 773 2974 883 3043; x_wconf 83' lang='lat' dir='ltr'>propter</span> <span class='ocrx_word' id='word_1_198' title='bbox 898 2974 1005 3025; x_wconf 79' lang='lat' dir='ltr'>fratrem</span> <span class='ocrx_word' id='word_1_199' title='bbox 1017 2970 1189 3025; x_wconf 77' lang='lat' dir='ltr'>Acbum&#39;atam</span> <span class='ocrx_word' id='word_1_200' title='bbox 1198 2971 1361 3033; x_wconf 88' lang='lat' dir='ltr'>inimicatus,</span> <span class='ocrx_word' id='word_1_201' title='bbox 1381 2970 1455 3041; x_wconf 87' lang='lat' dir='ltr'>quod</span> <span class='ocrx_word' id='word_1_202' title='bbox 1473 2971 1547 3025; x_wconf 85' lang='lat' dir='ltr'>hunc</span> 
     </span>
     <span class='ocr_line' id='line_1_25' title="bbox 455 3043 1546 3112; baseline -0.001 -19"><span class='ocrx_word' id='word_1_203' title='bbox 455 3043 504 3093; x_wconf 89' lang='lat' dir='ltr'>iiie</span> <span class='ocrx_word' id='word_1_204' title='bbox 526 3061 703 3095; x_wconf 80' lang='lat' dir='ltr'><strong>successorem</strong></span> <span class='ocrx_word' id='word_1_205' title='bbox 724 3046 752 3093; x_wconf 86' lang='lat' dir='ltr'>in</span> <span class='ocrx_word' id='word_1_206' title='bbox 772 3060 851 3109; x_wconf 76' lang='lat' dir='ltr'>regno</span> <span class='ocrx_word' id='word_1_207' title='bbox 872 3052 899 3094; x_wconf 89' lang='lat' dir='ltr'>et</span> <span class='ocrx_word' id='word_1_208' title='bbox 920 3044 1059 3095; x_wconf 88' lang='lat' dir='ltr'>dominum</span> <span class='ocrx_word' id='word_1_209' title='bbox 1081 3043 1252 3112; x_wconf 85' lang='lat' dir='ltr'>relinquendi</span> <span class='ocrx_word' id='word_1_210' title='bbox 1272 3059 1365 3093; x_wconf 87' lang='lat' dir='ltr'>suasor</span> <span class='ocrx_word' id='word_1_211' title='bbox 1382 3043 1458 3111; x_wconf 75' lang='lat' dir='ltr'>patri,</span> <span class='ocrx_word' id='word_1_212' title='bbox 1476 3043 1546 3092; x_wconf 86' lang='lat' dir='ltr'>fuis-</span> 
     </span>
     <span class='ocr_line' id='line_1_26' title="bbox 456 3113 1544 3181; baseline 0.001 -19"><span class='ocrx_word' id='word_1_213' title='bbox 456 3121 505 3163; x_wconf 88' lang='lat' dir='ltr'>set.</span> <span class='ocrx_word' id='word_1_214' title='bbox 527 3115 664 3164; x_wconf 75' lang='lat' dir='ltr'>interfecit</span> <span class='ocrx_word' id='word_1_215' title='bbox 685 3123 713 3165; x_wconf 89' lang='lat' dir='ltr'>et</span> <span class='ocrx_word' id='word_1_216' title='bbox 733 3115 882 3180; x_wconf 80' lang='lat' dir='ltr'>courpIures</span> <span class='ocrx_word' id='word_1_217' title='bbox 909 3116 978 3165; x_wconf 87' lang='lat' dir='ltr'>aiios</span> <span class='ocrx_word' id='word_1_218' title='bbox 999 3130 1120 3181; x_wconf 83' lang='lat' dir='ltr'>proceres</span> <span class='ocrx_word' id='word_1_219' title='bbox 1140 3124 1167 3165; x_wconf 86' lang='lat' dir='ltr'>ct</span> <span class='ocrx_word' id='word_1_220' title='bbox 1186 3113 1544 3175; x_wconf 63' lang='lat' dir='ltr'>iudicesnecacinonchen,</span> 
     </span>
     <span class='ocr_line' id='line_1_27' title="bbox 456 3183 1545 3252; baseline 0.001 -19"><span class='ocrx_word' id='word_1_221' title='bbox 456 3183 572 3233; x_wconf 86' lang='lat' dir='ltr'>Gianum</span> <span class='ocrx_word' id='word_1_222' title='bbox 605 3184 726 3246; x_wconf 84' lang='lat' dir='ltr'>bassam,</span> <span class='ocrx_word' id='word_1_223' title='bbox 749 3186 815 3234; x_wconf 89' lang='lat' dir='ltr'>alios</span> <span class='ocrx_word' id='word_1_224' title='bbox 843 3186 906 3235; x_wconf 86' lang='lat' dir='ltr'>satis</span> <span class='ocrx_word' id='word_1_225' title='bbox 931 3187 1038 3237; x_wconf 87' lang='lat' dir='ltr'>multos.</span> <span class='ocrx_word' id='word_1_226' title='bbox 1075 3193 1102 3235; x_wconf 86' lang='lat' dir='ltr'>at</span> <span class='ocrx_word' id='word_1_227' title='bbox 1129 3185 1199 3235; x_wconf 89' lang='lat' dir='ltr'>bene</span> <span class='ocrx_word' id='word_1_228' title='bbox 1219 3187 1280 3251; x_wconf 83' lang='lat' dir='ltr'>erga</span> <span class='ocrx_word' id='word_1_229' title='bbox 1296 3195 1414 3236; x_wconf 88' lang='lat' dir='ltr'>nostram</span> <span class='ocrx_word' id='word_1_230' title='bbox 1436 3194 1545 3252; x_wconf 85' lang='lat' dir='ltr'>gentem</span> 
     </span>
     <span class='ocr_line' id='line_1_28' title="bbox 455 3255 1545 3327; baseline 0.004 -24"><span class='ocrx_word' id='word_1_231' title='bbox 455 3256 588 3304; x_wconf 88' lang='lat' dir='ltr'>animatus</span> <span class='ocrx_word' id='word_1_232' title='bbox 608 3262 673 3316; x_wconf 88' lang='lat' dir='ltr'>erat,</span> <span class='ocrx_word' id='word_1_233' title='bbox 690 3256 821 3305; x_wconf 75' lang='lat' dir='ltr'>nonnulla</span> <span class='ocrx_word' id='word_1_234' title='bbox 848 3255 927 3307; x_wconf 89' lang='lat' dir='ltr'>nobis</span> <span class='ocrx_word' id='word_1_235' title='bbox 955 3258 1118 3326; x_wconf 81' lang='lat' dir='ltr'>templorum</span> <span class='ocrx_word' id='word_1_236' title='bbox 1145 3264 1297 3308; x_wconf 85' lang='lat' dir='ltr'>nostrorum</span> <span class='ocrx_word' id='word_1_237' title='bbox 1317 3256 1451 3326; x_wconf 90' lang='lat' dir='ltr'>aperiens,</span> <span class='ocrx_word' id='word_1_238' title='bbox 1469 3274 1545 3327; x_wconf 80' lang='lat' dir='ltr'>quae</span> 
     </span>
     <span class='ocr_line' id='line_1_29' title="bbox 454 3326 1196 3398; baseline 0.005 -22"><span class='ocrx_word' id='word_1_239' title='bbox 454 3333 532 3398; x_wconf 80' lang='lat' dir='ltr'>pater</span> <span class='ocrx_word' id='word_1_240' title='bbox 553 3326 609 3375; x_wconf 89' lang='lat' dir='ltr'>eius</span> <span class='ocrx_word' id='word_1_241' title='bbox 631 3327 720 3377; x_wconf 81' lang='lat' dir='ltr'>clausa</span> <span class='ocrx_word' id='word_1_242' title='bbox 739 3335 870 3379; x_wconf 86' lang='lat' dir='ltr'>tenuerat.</span> <span class='ocrx_word' id='word_1_243' title='bbox 1195 3362 1196 3366; x_wconf 62' lang='lat'><em>=</em></span> 
     </span>
    </p>
   </div>
   <div class='ocr_carea' id='block_1_8' title="bbox 448 3412 1638 4051">
    <p class='ocr_par' dir='ltr' id='par_1_8' title="bbox 448 3412 1638 4051">
     <span class='ocr_line' id='line_1_30' title="bbox 464 3412 1638 3483; baseline -0.003 -20"><span class='ocrx_word' id='word_1_244' title='bbox 464 3474 465 3479; x_wconf 12' lang='lat'>¹</span> <span class='ocrx_word' id='word_1_245' title='bbox 525 3414 611 3464; x_wconf 87' lang='lat' dir='ltr'>Pauco</span> <span class='ocrx_word' id='word_1_246' title='bbox 629 3415 771 3465; x_wconf 88' lang='lat' dir='ltr'>interiecto</span> <span class='ocrx_word' id='word_1_247' title='bbox 791 3422 912 3483; x_wconf 86' lang='lat' dir='ltr'>tempore</span> <span class='ocrx_word' id='word_1_248' title='bbox 931 3412 1133 3482; x_wconf 78' lang='lat' dir='ltr'>expeditionem</span> <span class='ocrx_word' id='word_1_249' title='bbox 1154 3413 1182 3463; x_wconf 91' lang='lat' dir='ltr'>in</span> <span class='ocrx_word' id='word_1_250' title='bbox 1201 3414 1291 3463; x_wconf 82' lang='lat' dir='ltr'>Persas</span> <span class='ocrx_word' id='word_1_251' title='bbox 1312 3413 1433 3480; x_wconf 79' lang='lat' dir='ltr'><strong>suscipit,</strong></span> <span class='ocrx_word' id='word_1_252' title='bbox 1453 3429 1543 3479; x_wconf 82' lang='lat' dir='ltr'>regem</span> <span class='ocrx_word' id='word_1_253' title='bbox 1607 3423 1638 3459; x_wconf 83' lang='lat'>&#39;.</span> 
     </span>
     <span class='ocr_line' id='line_1_31' title="bbox 452 3482 1543 3554; baseline -0.003 -17"><span class='ocrx_word' id='word_1_254' title='bbox 452 3482 592 3537; x_wconf 83' lang='lat' dir='ltr'>ismaelem</span> <span class='ocrx_word' id='word_1_255' title='bbox 612 3494 714 3553; x_wconf 80' lang='lat' dir='ltr'>petens,</span> <span class='ocrx_word' id='word_1_256' title='bbox 736 3486 821 3535; x_wconf 85' lang='lat' dir='ltr'>filium</span> <span class='ocrx_word' id='word_1_257' title='bbox 841 3484 989 3546; x_wconf 84' lang='lat' dir='ltr'>Chaitaris,</span> <span class='ocrx_word' id='word_1_258' title='bbox 1008 3487 1132 3554; x_wconf 90' lang='lat' dir='ltr'>Zunepae</span> <span class='ocrx_word' id='word_1_259' title='bbox 1153 3492 1298 3551; x_wconf 85' lang='lat' dir='ltr'>nepotem,</span> <span class='ocrx_word' id='word_1_260' title='bbox 1321 3485 1400 3550; x_wconf 84' lang='lat' dir='ltr'>ionga</span> <span class='ocrx_word' id='word_1_261' title='bbox 1422 3485 1491 3534; x_wconf 84' lang='lat' dir='ltr'>serie</span> <span class='ocrx_word' id='word_1_262' title='bbox 1510 3500 1543 3534; x_wconf 77' lang='grc' dir='ltr'><strong><em>επ</em></strong></span> 
     </span>
     <span class='ocr_line' id='line_1_32' title="bbox 452 3554 1543 3625; baseline -0.003 -18"><span class='ocrx_word' id='word_1_263' title='bbox 452 3572 550 3625; x_wconf 78' lang='lat' dir='ltr'>genere</span> <span class='ocrx_word' id='word_1_264' title='bbox 569 3557 611 3607; x_wconf 84' lang='lat' dir='ltr'>Ali</span> <span class='ocrx_word' id='word_1_265' title='bbox 630 3557 854 3617; x_wconf 85' lang='lat' dir='ltr'>descendentem,</span> <span class='ocrx_word' id='word_1_266' title='bbox 878 3558 926 3624; x_wconf 85' lang='lat' dir='ltr'>qui</span> <span class='ocrx_word' id='word_1_267' title='bbox 946 3556 1008 3605; x_wconf 78' lang='lat' dir='ltr'>Aius</span> <span class='ocrx_word' id='word_1_268' title='bbox 1027 3573 1145 3606; x_wconf 89' lang='lat' dir='ltr'>sororem</span> <span class='ocrx_word' id='word_1_269' title='bbox 1173 3554 1290 3605; x_wconf 90' lang='lat' dir='ltr'>doctoris</span> <span class='ocrx_word' id='word_1_270' title='bbox 1311 3555 1496 3605; x_wconf 86' lang='lat' dir='ltr'>Macbometae</span> <span class='ocrx_word' id='word_1_271' title='bbox 1514 3556 1543 3604; x_wconf 90' lang='lat' dir='ltr'>in</span> 
     </span>
     <span class='ocr_line' id='line_1_33' title="bbox 452 3627 1544 3687; baseline -0.002 -10"><span class='ocrx_word' id='word_1_272' title='bbox 452 3629 625 3679; x_wconf 88' lang='lat' dir='ltr'>matrimonio</span> <span class='ocrx_word' id='word_1_273' title='bbox 652 3628 792 3678; x_wconf 79' lang='lat' dir='ltr'>habuerat.</span> <span class='ocrx_word' id='word_1_274' title='bbox 839 3634 915 3677; x_wconf 88' lang='lat' dir='ltr'>erant</span> <span class='ocrx_word' id='word_1_275' title='bbox 938 3628 1006 3676; x_wconf 81' lang='lat' dir='ltr'>&#39;sacri</span> <span class='ocrx_word' id='word_1_276' title='bbox 1035 3627 1186 3687; x_wconf 78' lang='lat' dir='ltr'>antistites,</span> <span class='ocrx_word' id='word_1_277' title='bbox 1209 3627 1343 3677; x_wconf 81' lang='lat' dir='ltr'>Tecenam</span> <span class='ocrx_word' id='word_1_278' title='bbox 1370 3633 1495 3677; x_wconf 81' lang='lat' dir='ltr'>tenentes</span> <span class='ocrx_word' id='word_1_279' title='bbox 1515 3633 1544 3675; x_wconf 90' lang='lat' dir='ltr'>et</span> 
     </span>
     <span class='ocr_line' id='line_1_34' title="bbox 450 3697 1540 3768; baseline -0.005 -19"><span class='ocrx_word' id='word_1_280' title='bbox 450 3699 510 3749; x_wconf 87' lang='lat' dir='ltr'>loca</span> <span class='ocrx_word' id='word_1_281' title='bbox 528 3702 611 3750; x_wconf 88' lang='lat' dir='ltr'>muita</span> <span class='ocrx_word' id='word_1_282' title='bbox 632 3701 717 3750; x_wconf 89' lang='lat' dir='ltr'>multo</span> <span class='ocrx_word' id='word_1_283' title='bbox 736 3717 794 3749; x_wconf 91' lang='lat' dir='ltr'>cum</span> <span class='ocrx_word' id='word_1_284' title='bbox 812 3699 924 3768; x_wconf 83' lang='lat' dir='ltr'>populo.</span> <span class='ocrx_word' id='word_1_285' title='bbox 962 3714 1026 3746; x_wconf 85' lang='lat' dir='ltr'>avus</span> <span class='ocrx_word' id='word_1_286' title='bbox 1046 3700 1103 3747; x_wconf 88' lang='lat' dir='ltr'>eius</span> <span class='ocrx_word' id='word_1_287' title='bbox 1124 3697 1212 3749; x_wconf 84' lang='lat' dir='ltr'>suerat</span> <span class='ocrx_word' id='word_1_288' title='bbox 1230 3698 1253 3748; x_wconf 89' lang='lat' dir='ltr'>is</span> <span class='ocrx_word' id='word_1_289' title='bbox 1271 3698 1317 3767; x_wconf 90' lang='lat' dir='ltr'>qui</span> <span class='ocrx_word' id='word_1_290' title='bbox 1336 3698 1364 3747; x_wconf 92' lang='lat' dir='ltr'>in</span> <span class='ocrx_word' id='word_1_291' title='bbox 1381 3698 1540 3762; x_wconf 85' lang='lat' dir='ltr'>Trapezun-</span> 
     </span>
     <span class='ocr_line' id='line_1_35' title="bbox 450 3767 1543 3839; baseline -0.005 -19"><span class='ocrx_word' id='word_1_292' title='bbox 450 3772 519 3821; x_wconf 91' lang='lat' dir='ltr'>tium</span> <span class='ocrx_word' id='word_1_293' title='bbox 539 3784 630 3839; x_wconf 71' lang='lat' dir='ltr'>agrurn</span> <span class='ocrx_word' id='word_1_294' title='bbox 650 3772 798 3838; x_wconf 81' lang='lat' dir='ltr'>irruperat,</span> <span class='ocrx_word' id='word_1_295' title='bbox 824 3768 916 3819; x_wconf 81' lang='lat' dir='ltr'>multis</span> <span class='ocrx_word' id='word_1_296' title='bbox 935 3768 1047 3837; x_wconf 87' lang='lat' dir='ltr'>captivis</span> <span class='ocrx_word' id='word_1_297' title='bbox 1067 3767 1200 3820; x_wconf 84' lang='lat' dir='ltr'>abductis.</span> <span class='ocrx_word' id='word_1_298' title='bbox 1237 3786 1290 3838; x_wconf 89' lang='lat' dir='ltr'>quo</span> <span class='ocrx_word' id='word_1_299' title='bbox 1317 3768 1375 3817; x_wconf 91' lang='lat' dir='ltr'>eius</span> <span class='ocrx_word' id='word_1_300' title='bbox 1391 3767 1467 3816; x_wconf 75' lang='lat' dir='ltr'>iacto</span> <span class='ocrx_word' id='word_1_301' title='bbox 1485 3767 1543 3816; x_wconf 84' lang='lat' dir='ltr'>rul-</span> 
     </span>
     <span class='ocr_line' id='line_1_36' title="bbox 451 3835 1542 3907; baseline -0.003 -18"><span class='ocrx_word' id='word_1_302' title='bbox 451 3850 531 3895; x_wconf 86' lang='lat' dir='ltr'>tanus</span> <span class='ocrx_word' id='word_1_303' title='bbox 551 3842 718 3893; x_wconf 83' lang='lat' dir='ltr'>Mecbemeta</span> <span class='ocrx_word' id='word_1_304' title='bbox 738 3848 827 3891; x_wconf 91' lang='lat' dir='ltr'>motus</span> <span class='ocrx_word' id='word_1_305' title='bbox 853 3840 921 3891; x_wconf 71' lang='lat' dir='ltr'>disis</span> <span class='ocrx_word' id='word_1_306' title='bbox 940 3848 956 3872; x_wconf 81' lang='lat'>‘⁶</span> <span class='ocrx_word' id='word_1_307' title='bbox 977 3840 998 3888; x_wconf 93' lang='lat' dir='ltr'>si</span> <span class='ocrx_word' id='word_1_308' title='bbox 1027 3839 1075 3889; x_wconf 88' lang='lat' dir='ltr'>iiie</span> <span class='ocrx_word' id='word_1_309' title='bbox 1097 3835 1254 3902; x_wconf 72' lang='lat' dir='ltr'>tabefecit,</span> <span class='ocrx_word' id='word_1_310' title='bbox 1274 3847 1375 3907; x_wconf 85' lang='lat' dir='ltr'>quanto</span> <span class='ocrx_word' id='word_1_311' title='bbox 1396 3838 1478 3903; x_wconf 83' lang='lat' dir='ltr'>magis</span> <span class='ocrx_word' id='word_1_312' title='bbox 1498 3837 1542 3886; x_wconf 86' lang='lat' dir='ltr'>fa-</span> 
     </span>
     <span class='ocr_line' id='line_1_37' title="bbox 450 3907 1541 3983; baseline -0.003 -24"><span class='ocrx_word' id='word_1_313' title='bbox 450 3912 622 3981; x_wconf 8' lang='lat' dir='ltr'>ciampego?&#39;&#39;</span> <span class='ocrx_word' id='word_1_314' title='bbox 659 3915 751 3983; x_wconf 88' lang='lat' dir='ltr'>itaque</span> <span class='ocrx_word' id='word_1_315' title='bbox 770 3921 863 3963; x_wconf 86' lang='lat' dir='ltr'>contra</span> <span class='ocrx_word' id='word_1_316' title='bbox 883 3910 1080 3978; x_wconf 80' lang='lat' dir='ltr'>Trapezuntem</span> <span class='ocrx_word' id='word_1_317' title='bbox 1109 3914 1226 3962; x_wconf 80' lang='lat' dir='ltr'>exercitu</span> <span class='ocrx_word' id='word_1_318' title='bbox 1256 3910 1336 3960; x_wconf 86' lang='lat' dir='ltr'>ducto</span> <span class='ocrx_word' id='word_1_319' title='bbox 1356 3908 1425 3959; x_wconf 91' lang='lat' dir='ltr'>banc</span> <span class='ocrx_word' id='word_1_320' title='bbox 1447 3907 1541 3957; x_wconf 88' lang='lat' dir='ltr'>urbem</span> 
     </span>
     <span class='ocr_line' id='line_1_38' title="bbox 448 3979 1540 4051; baseline -0.001 -21"><span class='ocrx_word' id='word_1_321' title='bbox 448 3981 477 4031; x_wconf 88' lang='lat' dir='ltr'>in</span> <span class='ocrx_word' id='word_1_322' title='bbox 498 3986 654 4035; x_wconf 87' lang='lat' dir='ltr'>servitutem</span> <span class='ocrx_word' id='word_1_323' title='bbox 676 3984 788 4049; x_wconf 81' lang='lat' dir='ltr'>redegit.</span> <span class='ocrx_word' id='word_1_324' title='bbox 836 4000 868 4033; x_wconf 89' lang='lat' dir='ltr'>eo</span> <span class='ocrx_word' id='word_1_325' title='bbox 890 3990 1011 4051; x_wconf 85' lang='lat' dir='ltr'>tempore</span> <span class='ocrx_word' id='word_1_326' title='bbox 1035 3983 1156 4034; x_wconf 79' lang='lat' dir='ltr'>dissidiis</span> <span class='ocrx_word' id='word_1_327' title='bbox 1176 3990 1203 4033; x_wconf 91' lang='lat' dir='ltr'>et</span> <span class='ocrx_word' id='word_1_328' title='bbox 1222 3980 1426 4047; x_wconf 83' lang='lat' dir='ltr'>perturbatione</span> <span class='ocrx_word' id='word_1_329' title='bbox 1448 3979 1540 4029; x_wconf 86' lang='lat' dir='ltr'>multi-</span> 
     </span>
    </p>
   </div>
   <div class='ocr_carea' id='block_1_9' title="bbox 385 4051 1608 4127">
    <p class='ocr_par' dir='ltr' id='par_1_9' title="bbox 385 4051 1608 4127">
     <span class='ocr_line' id='line_1_39' title="bbox 385 4051 1608 4127; baseline 0 -29"><span class='ocrx_word' id='word_1_330' title='bbox 385 4076 386 4081; x_wconf 65' lang='lat'>=</span> <span class='ocrx_word' id='word_1_331' title='bbox 446 4051 513 4117; x_wconf 82' lang='lat' dir='ltr'>plici</span> <span class='ocrx_word' id='word_1_332' title='bbox 542 4056 569 4102; x_wconf 90' lang='lat' dir='ltr'>in</span> <span class='ocrx_word' id='word_1_333' title='bbox 597 4056 684 4105; x_wconf 86' lang='lat' dir='ltr'>Persia</span> <span class='ocrx_word' id='word_1_334' title='bbox 700 4055 863 4113; x_wconf 66' lang='lat' dir='ltr'>taboratum.</span> <span class='ocrx_word' id='word_1_335' title='bbox 912 4052 974 4104; x_wconf 91' lang='lat' dir='ltr'>ideo</span> <span class='ocrx_word' id='word_1_336' title='bbox 1005 4054 1112 4123; x_wconf 88' lang='lat' dir='ltr'>qnidam</span> <span class='ocrx_word' id='word_1_337' title='bbox 1141 4054 1184 4103; x_wconf 86' lang='lat' dir='ltr'>cui</span> <span class='ocrx_word' id='word_1_338' title='bbox 1209 4052 1334 4115; x_wconf 84' lang='lat' dir='ltr'>Emyrzae</span> <span class='ocrx_word' id='word_1_339' title='bbox 1354 4066 1454 4101; x_wconf 88' lang='lat' dir='ltr'>nomen</span> <span class='ocrx_word' id='word_1_340' title='bbox 1473 4059 1539 4127; x_wconf 48' lang='lat' dir='ltr'>cry,</span> <span class='ocrx_word' id='word_1_341' title='bbox 1602 4104 1608 4116; x_wconf 52' lang='grc'>,</span> 
     </span>
    </p>
   </div>
   <div class='ocr_carea' id='block_1_10' title="bbox 446 4121 1539 4266">
    <p class='ocr_par' dir='ltr' id='par_1_10' title="bbox 446 4121 1539 4266">
     <span class='ocr_line' id='line_1_40' title="bbox 446 4121 1539 4194; baseline 0.001 -25"><span class='ocrx_word' id='word_1_342' title='bbox 446 4125 590 4171; x_wconf 86' lang='lat' dir='ltr'>accersitus</span> <span class='ocrx_word' id='word_1_343' title='bbox 621 4125 652 4174; x_wconf 90' lang='lat' dir='ltr'>ad</span> <span class='ocrx_word' id='word_1_344' title='bbox 681 4126 861 4194; x_wconf 87' lang='lat' dir='ltr'>occupandam</span> <span class='ocrx_word' id='word_1_345' title='bbox 890 4126 917 4176; x_wconf 91' lang='lat' dir='ltr'>id</span> <span class='ocrx_word' id='word_1_346' title='bbox 940 4142 1047 4190; x_wconf 84' lang='lat' dir='ltr'>regnum</span> <span class='ocrx_word' id='word_1_347' title='bbox 1068 4124 1136 4183; x_wconf 83' lang='lat' dir='ltr'>fuit,</span> <span class='ocrx_word' id='word_1_348' title='bbox 1155 4121 1229 4191; x_wconf 91' lang='lat' dir='ltr'>quod</span> <span class='ocrx_word' id='word_1_349' title='bbox 1250 4131 1340 4171; x_wconf 89' lang='lat' dir='ltr'>tamen</span> <span class='ocrx_word' id='word_1_350' title='bbox 1363 4123 1462 4173; x_wconf 79' lang='lat' dir='ltr'>facturn</span> <span class='ocrx_word' id='word_1_351' title='bbox 1483 4136 1539 4171; x_wconf 89' lang='lat' dir='ltr'>non</span> 
     </span>
     <span class='ocr_line' id='line_1_41' title="bbox 446 4190 1538 4266; baseline 0.003 -28"><span class='ocrx_word' id='word_1_352' title='bbox 446 4198 494 4239; x_wconf 89' lang='lat' dir='ltr'>est.</span> <span class='ocrx_word' id='word_1_353' title='bbox 531 4209 583 4260; x_wconf 90' lang='lat' dir='ltr'>qua</span> <span class='ocrx_word' id='word_1_354' title='bbox 603 4196 763 4247; x_wconf 84' lang='lat' dir='ltr'>confusione</span> <span class='ocrx_word' id='word_1_355' title='bbox 784 4192 881 4258; x_wconf 84' lang='lat' dir='ltr'>rerum,</span> <span class='ocrx_word' id='word_1_356' title='bbox 901 4196 975 4266; x_wconf 85' lang='lat' dir='ltr'>quod</span> <span class='ocrx_word' id='word_1_357' title='bbox 997 4197 1088 4245; x_wconf 88' lang='lat' dir='ltr'>nulius</span> <span class='ocrx_word' id='word_1_358' title='bbox 1107 4200 1243 4260; x_wconf 81' lang='lat' dir='ltr'>praeesset</span> <span class='ocrx_word' id='word_1_359' title='bbox 1268 4193 1446 4258; x_wconf 75' lang='lat' dir='ltr'>magistratus,</span> <span class='ocrx_word' id='word_1_360' title='bbox 1469 4190 1538 4241; x_wconf 88' lang='lat' dir='ltr'>Sach</span> 
     </span>
    </p>
   </div>
   <div class='ocr_carea' id='block_1_11' title="bbox 391 4261 1536 4334">
    <p class='ocr_par' dir='ltr' id='par_1_11' title="bbox 391 4261 1536 4334">
     <span class='ocr_line' id='line_1_42' title="bbox 391 4261 1536 4334; baseline -0.003 -21"><span class='ocrx_word' id='word_1_361' title='bbox 391 4310 392 4313; x_wconf 75' lang='grc'>,</span> <span class='ocrx_word' id='word_1_362' title='bbox 443 4261 539 4311; x_wconf 81' lang='lat' dir='ltr'>ismael</span> <span class='ocrx_word' id='word_1_363' title='bbox 559 4266 664 4329; x_wconf 81' lang='lat' dir='ltr'>cognita</span> <span class='ocrx_word' id='word_1_364' title='bbox 690 4268 747 4334; x_wconf 84' lang='lat' dir='ltr'>ipse</span> <span class='ocrx_word' id='word_1_365' title='bbox 778 4285 805 4317; x_wconf 87' lang='lat' dir='ltr'>se</span> <span class='ocrx_word' id='word_1_366' title='bbox 824 4269 936 4327; x_wconf 82' lang='lat' dir='ltr'>intulit,</span> <span class='ocrx_word' id='word_1_367' title='bbox 966 4282 1129 4333; x_wconf 85' lang='lat' dir='ltr'>regnumque</span> <span class='ocrx_word' id='word_1_368' title='bbox 1154 4264 1221 4311; x_wconf 84' lang='lat' dir='ltr'>citra</span> <span class='ocrx_word' id='word_1_369' title='bbox 1250 4263 1370 4315; x_wconf 90' lang='lat' dir='ltr'>laborem</span> <span class='ocrx_word' id='word_1_370' title='bbox 1404 4262 1536 4314; x_wconf 86' lang='lat' dir='ltr'>obtinuit.</span> 
     </span>
    </p>
   </div>
   <div class='ocr_carea' id='block_1_12' title="bbox 444 4334 1538 4479">
    <p class='ocr_par' dir='ltr' id='par_1_12' title="bbox 444 4334 1538 4479">
     <span class='ocr_line' id='line_1_43' title="bbox 445 4334 1533 4401; baseline -0.002 -19"><span class='ocrx_word' id='word_1_371' title='bbox 445 4340 519 4382; x_wconf 86' lang='lat' dir='ltr'>ortus</span> <span class='ocrx_word' id='word_1_372' title='bbox 538 4342 595 4381; x_wconf 86' lang='lat' dir='ltr'>erat</span> <span class='ocrx_word' id='word_1_373' title='bbox 615 4335 686 4399; x_wconf 80' lang='lat' dir='ltr'>regio</span> <span class='ocrx_word' id='word_1_374' title='bbox 707 4348 813 4401; x_wconf 82' lang='lat' dir='ltr'>genere,</span> <span class='ocrx_word' id='word_1_375' title='bbox 832 4338 1010 4387; x_wconf 82' lang='lat' dir='ltr'>Uiuncasanis</span> <span class='ocrx_word' id='word_1_376' title='bbox 1032 4337 1086 4385; x_wconf 85' lang='lat' dir='ltr'>[iiia</span> <span class='ocrx_word' id='word_1_377' title='bbox 1106 4342 1193 4383; x_wconf 88' lang='lat' dir='ltr'>natus.</span> <span class='ocrx_word' id='word_1_378' title='bbox 1231 4350 1323 4385; x_wconf 88' lang='lat' dir='ltr'>omnes</span> <span class='ocrx_word' id='word_1_379' title='bbox 1344 4351 1424 4401; x_wconf 89' lang='lat' dir='ltr'>porro</span> <span class='ocrx_word' id='word_1_380' title='bbox 1447 4334 1533 4399; x_wconf 82' lang='lat' dir='ltr'>regiu-</span> 
     </span>
     <span class='ocr_line' id='line_1_44' title="bbox 444 4404 1538 4479; baseline 0 -24"><span class='ocrx_word' id='word_1_381' title='bbox 444 4420 492 4455; x_wconf 86' lang='lat' dir='ltr'>nes</span> <span class='ocrx_word' id='word_1_382' title='bbox 511 4412 538 4453; x_wconf 91' lang='lat' dir='ltr'>et</span> <span class='ocrx_word' id='word_1_383' title='bbox 559 4404 681 4455; x_wconf 84' lang='lat' dir='ltr'>civitates</span> <span class='ocrx_word' id='word_1_384' title='bbox 702 4423 788 4479; x_wconf 83' lang='lat' dir='ltr'>usque</span> <span class='ocrx_word' id='word_1_385' title='bbox 808 4408 980 4472; x_wconf 76' lang='lat' dir='ltr'>babylonem,</span> <span class='ocrx_word' id='word_1_386' title='bbox 1000 4406 1144 4472; x_wconf 85' lang='lat' dir='ltr'>Scythiam,</span> <span class='ocrx_word' id='word_1_387' title='bbox 1162 4404 1288 4473; x_wconf 85' lang='lat' dir='ltr'>Caspium</span> <span class='ocrx_word' id='word_1_388' title='bbox 1309 4413 1427 4476; x_wconf 68' lang='lat' dir='ltr'>marest</span> <span class='ocrx_word' id='word_1_389' title='bbox 1448 4405 1538 4457; x_wconf 82' lang='lat' dir='ltr'>Ocea·</span> 
     </span>
    </p>
   </div>
   <div class='ocr_carea' id='block_1_13' title="bbox 0 0 1850 5350">
    <p class='ocr_par' dir='ltr' id='par_1_13' title="bbox 0 0 1850 5350">
     <span class='ocr_line' id='line_1_45' title="bbox 0 0 1850 5350; baseline 0 7"><span class='ocrx_word' id='word_1_390' title='bbox 0 0 1850 5350; x_wconf 95' lang='lat' dir='ltr'> </span> 
     </span>
    </p>
   </div>
  </div>
 </body>
</html>
