3692 5350
399 576 450 668 39⁰
672 625 673 628 π
811 608 814 614 ·
847 585 1044 654 HISTORIA

400 757 455 809 τος
477 727 577 798 αῦτοῦ
600 731 655 798 κατ’
681 736 736 818 τῆς
760 733 894 850 χάριτος
921 736 1068 816 κτίσματί
1086 756 1172 816 τινι,
1195 732 1344 828 οῦῦαμῶς
1366 737 1498 826 ζημιοῦ-
1567 782 1570 786 <

399 857 462 917 ται,
483 831 564 897 α’λλοὶ
581 836 702 914 μᾶλλον
724 817 948 915 μεγαλῦνεται,
970 835 1051 899 διότι
1071 836 1111 897 ἐκ
1126 822 1183 916 τῆς
1206 835 1324 918 α’ρετῆς
1343 839 1406 899 τοῦν
1427 859 1498 899 κτι-

398 930 528 1031 σμάτοοι
544 930 578 996 τῦ
603 929 688 1014 ῦψος
705 955 761 997 του
748 936 854 997 θεοῦ
875 937 1085 1018 φανεροῦται.
1128 932 1185 997 nar·
1196 928 1260 1021 ῦσρι
1281 938 1404 1014 μᾶλλον
1422 939 1498 1016 βελ.

400 1033 521 1095 τιοῦται
555 1028 591 1096 τό
616 1035 732 1112 κτίσμα
751 1034 789 1118 τῇ
822 1037 941 1096 πλείονι
966 1034 1114 1118 κοινωνίη
1134 1035 1192 1116 τῆς
1219 1032 1418 1116 ἅμαθότητος
1439 1035 1499 1096 ου’.

355 1147 359 1152 ’
398 1133 456 1193 τοῦ
456 1127 619 1219 ,τοσοῦτιρ
640 1132 772 1195 πλέον
753 1158 772 1214 η
796 1124 960 1213 ιῖγαθότης
982 1133 1041 1194 τοῦ
1060 1133 1140 1194 θεοῦ
1162 1155 1214 1194 και
1211 1131 1408 1213 ἧδῦναμις
1431 1128 1499 1196 der‘-
1507 1147 1526 1198 5

400 1254 538 1296 κνυνται.
579 1227 631 1292 δοῦ
655 1233 748 1293 τοῦτο
772 1229 791 1312 η
816 1229 973 1311 α’γαθότης
993 1232 1051 1293 τοῦ
1071 1233 1152 1292 θεοῦ
1172 1229 1261 1313 καὶὴ
1287 1219 1502 1304 δύναμιςκαὶ

400 1323 419 1412 ἦ
444 1327 549 1413 α’γοὶπη
567 1331 614 1403 εἰς
634 1329 709 1404 τοῦς
724 1326 914 1410 α’νθριῦπους
935 1331 1028 1392 πλέον
1049 1332 1248 1412 ε’μεγαλῦνθη
1269 1332 1373 1395 ε’κιοῦ
1393 1328 1502 1394 ε’λθεῖν

399 1423 498 1493 αῦτὸν
518 1429 574 1492 τὸν
596 1428 687 1508 λόγον
716 1427 775 1489 τοῦ
806 1429 886 1489 θεοῦ
907 1431 963 1492 καί
980 1425 1075 1511 θεόν,
1093 1427 1172 1508 μετα
1198 1429 1301 1512 πάσης
1323 1431 1424 1492 αῦτοῦ
1443 1431 1500 1511 τῆς

398 1523 573 1606 δυνάμεως,
596 1529 642 1603 εἰς
665 1523 717 1590 τὸν
739 1527 866 1609 Ἰησοῦν,
888 1520 910 1609 ἢ
938 1522 987 1589 ὅτι
1009 1525 1147 1605 ἔπεμπεν
1169 1529 1215 1601 εἷς
1237 1525 1313 1601 τοῦς
1335 1529 1509 1613 προφήτας,

324 1647 326 1652 ·
398 1626 478 1706 μίαν
497 1628 593 1707 χάριν
614 1623 719 1688 adteri
748 1619 867 1708 ἢδῦο,
888 1651 940 1690 και
937 1626 1008 1702 εἰς
1029 1620 1122 1691 ἄλλον
1143 1631 1202 1707 μὲν
1221 1624 1386 1710 προφήτην
1405 1627 1543 1691 ἐλαι-10

400 1746 486 1803 τινα,
509 1725 554 1798 εἰς
573 1718 669 1786 ἄλλον
688 1725 724 1786 ῦὲ
741 1727 882 1804 μείζονα.
1317 1783 1320 1788 ,

482 1819 534 1886 ια’.
578 1819 818 1903 Πιστεῦομεν“
799 1847 851 1886 οτι
873 1821 890 1888 6
913 1820 1067 1906 Χριστὸς
1085 1820 1276 1908 ἐσταυρώθη
1294 1849 1350 1888 και
1346 1780 1499 1887 atussa.

398 1944 449 1984 νεν
470 1925 572 2016 οἰκειίρ
593 1921 763 2004 θελήματι,
786 1923 840 1986 ῦιά
863 1921 982 1998 πολλὰς
1006 1921 1062 1985 καί
1081 1922 1400 2038 μεμάλαςιῦηελειλις,
1418 1925 1498 1985 δεο-

396 2022 498 2102 μένας
518 2023 641 2084 πολλῶν
662 2022 780 2102 λόγων,
803 2020 858 2084 καί
889 2020 992 2084 πάντα
1015 2024 1117 2084 ταῦτα
1137 2020 1217 2085 κατὰ
1240 2019 1274 2082 τῦ
1296 2015 1499 2101 ἀνθρώπινον

400 2118 510 2183 αῦιοῦ.
537 2116 625 2202 ὁγὰρ
641 2120 728 2202 λόγος
746 2144 800 2184 τοο
786 2112 950 2183 θεοῦ”
911 2143 984 2183 oure
1004 2125 1198 2202 σταυροῦται
1212 2112 1284 2184 οῦτε
1304 2119 1497 2236 ρ’ποθνήσκιι
1510 2127 1543 2181 15

397 2210 471 2281 οῦιε
493 2211 683 2298 6vr'orurur,
708 2218 788 2281 α’λλαὶ
816 2220 938 2299 μᾶλλον
955 2218 1125 2339 ἀνέστησεν
1146 2217 1243 2294 αῦτός
1265 2215 1340 2293 τοῦς
1360 2219 1527 2299 νεκροῦς,

397 2339 503 2401 ωσπερ
526 2317 678 2401 α’νέστησε
696 2316 751 2380 καὶ
772 2341 830 2400 την
855 2315 959 2400 σάρκα
983 2343 1020 2399 ην
1041 2317 1209 2438 ε’φὸρησεν.
1234 2315 1426 2436 πιστεύομεν
1449 2312 1500 2378 ὅτι

397 2415 611 2505 ῦΧριστὸς’
589 2417 729 2492 αναστοὶς
749 2410 915 2509 α’νεληφθη
936 2416 982 2491 εις
1001 2415 1075 2491 τοῦς
1107 2415 1281 2500 οῦρανοῦς,
1313 2414 1369 2479 καί
1402 2413 1500 2527 πάλιν

395 2520 504 2596 μέλλει
520 2513 673 2599 ἔρχεσθαι
693 2538 775 2596 μετα
766 2516 928 2599 δόξης,
912 2540 965 2580 ινα
984 2519 1074 2603 κρι’νη
1093 2515 1149 2579 τόν
1168 2515 1294 2615 κόσμον.

477 2614 546 2699 ιβ’..
588 2612 837 2707 Πιστεῦομεν“
825 2610 874 2681 α’τι
908 2612 943 2681 αἱ
976 2617 1086 2698 ψυχαί
1111 2617 1176 2679 τῶν
1206 2601 1385 2702 ἀνθρώπων
1415 2614 1541 2678 stotrw

397 2710 610 2798 α’θιένατοι,“
591 2740 640 2780 οτι
653 2713 700 2785 τοὶ
717 2713 852 2797 σώματα
872 2717 935 2781 τιῦν
956 2716 1055 2799 ὀἳγιόοι
1087 2713 1319 2797 α’ναστήσονται
1341 2705 1497 2807 ἄφθαρτα

469 2846 533 2901 3.”
517 2866 575 2921 oapi
592 2850 710 2923 μᾶλλον]
732 2848 802 2911 ὅσον
828 2852 846 2901 Ρ
945 2850 985 2902 13
1005 2851 1141 2938 δεομένας
1165 2850 1245 2899 οιαΡ
1335 2846 1377 2897 14.
1406 2847 1495 2900 ταῦτα

471 2921 551 2973 οιιιΡ
610 2922 674 2973 ·.15
693 2920 900 2992 ἐοιαυριῦθηΡ
972 2920 1013 2973 16
1033 2916 1129 2989 αὐτὸς]
1152 2918 1281 2990 ἑαοιῷΡ

398 3046 488 3090 creato
507 3002 695 3100 communicet,
715 3054 775 3089 eum
798 3046 862 3089 tunc
881 3054 989 3106 prorsus
1008 3037 1077 3088 nihil
1096 3036 1254 3104 deperdere,
1272 3036 1319 3087 sed
1338 3037 1421 3104 magis
1439 3054 1499 3087 rna-

402 3108 541 3175 parificari,
560 3116 704 3176 propterea
733 3107 807 3177 quod
826 3124 858 3158 ex
884 3110 1048 3174 praestantia
1068 3123 1156 3157 rerum
1175 3108 1343 3158 conditarum
1363 3108 1516 3158 ιοΙείιιιιΙσ

397 3178 442 3229 dei
463 3178 605 3227 manifesta
624 3178 663 3228 fit.
700 3193 731 3227 ac
756 3183 858 3246 qrranto
884 3179 969 3227 maior
987 3178 1084 3228 creatis
1110 3180 1292 3248 praestantiae
1310 3178 1427 3228 accessio
1450 3178 1497 3230 fiat

354 3256 371 3291 ἰ
399 3266 432 3300 ex
450 3249 551 3298 maiore
568 3246 698 3298 bonitatis
719 3248 776 3298 eius
795 3248 1000 3309 commuuione,
1022 3256 1100 3299 tauto
1118 3251 1200 3314 magis
1222 3243 1330 3299 bonitas
1350 3258 1378 3298 et
1397 3258 1497 3317 poten·

400 3321 436 3371 tia
459 3318 503 3369 dei
531 3318 699 3370 illustratur.
724 3317 788 3369 hine
814 3318 883 3369 adeo
903 3318 1081 3381 factumest,
1101 3326 1131 3369 ut
1159 3318 1266 3368 bouitas
1285 3318 1330 3376 dei
1350 3328 1377 3369 et
1396 3329 1498 3387 poten-

344 3396 346 3401 ’
399 3392 437 3441 tia
456 3398 483 3441 et
501 3390 595 3440 caritas
616 3390 733 3439 humano
752 3389 843 3455 generi
858 3405 943 3439 maror
963 3396 991 3439 et
1009 3388 1141 3439 illustrior
1157 3389 1300 3449 extiterit
1310 3390 1445 3457 quando
1438 3406 1498 3456 ipse
1549 3396 1552 3401 '

399 3462 444 3512 dei
464 3462 559 3531 logos,
584 3461 631 3529 qui
652 3458 792 3522 deusest,
812 3476 870 3510 curn
892 3468 950 3511 tota
982 3426 1376 3526 suapotentiadescc6ditin
1399 3461 1500 3522 Iesum,

392 3530 482 3601 'quam
501 3548 561 3582 cum
580 3530 614 3581 ad
642 3498 792 3599 prophetas,
808 3546 887 3580 unam
907 3535 955 3580 aut
972 3529 1082 3580 alteram
1108 3530 1220 3601 gratiam
1238 3531 1320 3591 misit,
1342 3530 1499 3599 etquidem
1521 3567 1530 3574 -
1577 3560 1583 3569 ·

400 3620 493 3654 eorum
514 3603 563 3653 alii
581 3610 664 3671 atque
682 3601 728 3657 alii
748 3603 873 3651 maiorem
891 3609 939 3650 aut
954 3601 1094 3650 minorem.

579 3689 715 3740 Hactenus
735 3686 866 3763 decimum
886 3696 976 3755 caput

473 3771 613 3826 Credimus
631 3775 765 3826 Christum
790 3791 848 3825 esse
869 3775 1024 3825 crucifixum
1050 3781 1079 3824 et
1105 3781 1239 3824 mortuum
1258 3789 1306 3824 sua
1318 3760 1432 3842 propria
1451 3788 1501 3822 ro·

403 3844 519 3907 lentate,
540 3845 574 3907 ob
589 3846 688 3897 muitas
716 3861 880 3913 magnasque
880 3838 1045 3904 utilitates,
1067 3845 1211 3913 inquibus
1231 3842 1398 3913 explicandis
1419 3844 1499 3909 ionga

403 3915 606 3984 orationeopus
623 3925 709 4002 εεεει,
734 3924 762 3967 et
781 3915 808 3966 id
829 3932 908 3967 omne
929 3917 1032 3966 ratione
1044 3915 1176 3967 humanae
1198 3931 1262 3966 suae
1281 3923 1402 3965 naturae.
1421 3914 1498 3979 lngus

350 4049 353 4055 Ι
403 3985 475 4033 euim
495 3985 539 4035 dei
558 4002 608 4044 nec
630 3989 700 4039 cruci
720 3986 760 4037 aff
752 3988 833 4053 gitur
850 4002 901 4037 nec
920 3988 1033 4039 moritur
1053 4003 1143 4055 neque
1161 4004 1176 4036 a
1196 3993 1281 4037 morte
1302 3980 1431 4051 resurgit,
1449 3983 1498 4034 sed

404 4054 461 4121 ipse
481 4054 549 4105 alios
569 4058 659 4123 potius
679 4066 798 4109 mortuos
818 4058 1006 4119 resuscitarit,
1024 4057 1094 4108 sicut
1115 4059 1320 4109 etiamcaruem
1340 4070 1419 4125 quam
1439 4054 1498 4122 ips'e
1576 4106 1579 4109 ,

403 4124 523 4189 gestarit.
573 4125 707 4177 credimus
728 4127 861 4179 Christum
887 4137 949 4197 post
976 4130 1197 4179 resurrectionem
1229 4142 1302 4175 suam
1331 4132 1497 4193 assumptum

403 4210 464 4314 essle
480 4195 508 4242 in
527 4193 624 4256 caelos,
643 4204 670 4246 et
688 4196 751 4248 iude
770 4215 828 4248 cum
848 4199 943 4267 gloria
967 4199 1002 4249 ad
1021 4199 1153 4250 iudicium
1172 4195 1205 4246 de
1224 4195 1323 4302 mundo
1344 4195 1497 4246 faciendum

381 4282 443 4317 ,εει
453 4265 562 4318 iturum

579 4348 714 4421 Hactenus
734 4333 904 4424 undecimum
924 4301 1011 4423 caput

492 4436 632 4502 Credimus
661 4436 763 4489 animos
783 4423 913 4491 humanos
944 4457 1001 4491 esse
1021 4439 1193 4500 immortales,
1209 4453 1323 4507 corpora
1342 4447 1496 4491 sanctorum
