3692 5350
724 586 1010 674 antennarum
1039 593 1079 656 ιι.
1180 620 1189 632 .
1361 559 1470 666 οτι,
1506 540 1509 544 ’

344 765 470 850 ποίηκε,
493 765 562 836 κάν
590 770 634 856 spi
655 761 789 854 ὕστερον
816 767 872 834 καί
893 743 972 834 raia
1004 772 1065 835 τῶν
1088 768 1187 834 θείων
1207 769 1330 834 σκευοῖν
1346 774 1443 851 χεῖρα
1493 762 1499 811 ἶ

344 861 472 948 κινῆσαι
498 867 676 952 τετόλμηκε.
719 870 774 932 καί
794 863 878 933 οδτω
897 873 958 950 μὲν
977 867 1015 934 τά
1037 873 1091 953 τῆς
1112 872 1276 954 ἐκκλησίας
1297 865 1403 931 ἐποίει.

443 961 521 1032 Εἶτα
555 972 610 1032 καί
637 967 715 1033 κατά
749 973 811 1040 τῶν
844 961 1070 1052 εὐγενεστάτων
1101 969 1199 1052 κακήν
1226 976 1321 1051 χεῖρα
1357 972 1444 1030 κινεῖ.

334 1061 428 1156 ‚uiirm
459 1065 515 1132 τὸν
545 1065 715 1152 Βατάτζην
743 1069 798 1133 καί
826 1068 883 1154 κάρ
910 1070 1123 1153 Κωνσταντῆν
1153 1069 1233 1149 μετά
1267 1073 1325 1133 τοῦ
1345 1071 1445 1148 καβα·

304 1169 456 1252 ’ὁλαρίου
471 1165 664 1254 ΙΜυροιαὶοη
698 1173 758 1233 τοῦ
782 1171 950 1255 Ἀμυραλῆ
971 1168 1005 1234 ἐν
1033 1172 1070 1258 τῇ
1093 1173 1222 1258 φρουρᾷ
1246 1170 1445 1251 ἀποκλείσας,

344 1271 399 1332 καί
415 1270 528 1342 δολίως
558 1266 677 1344 ου’τοδς
696 1269 912 1353 τυραννήσας,
934 1268 985 1334 τὸν
1017 1275 1077 1350 μὲν
1098 1272 1264 1353 Βατάτζην
1286 1265 1446 1350 ἐξόριστον

344 1369 506 1448 ἐκπέμπει,
529 1367 580 1432 ’τὸν
599 1367 783 1454 ’Λμυραλῆν
805 1373 840 1434 δὲ
861 1370 959 1444 ἐάσας
977 1372 1109 1452 ἐντίμως
1134 1367 1232 1434 αὐτὸν
1252 1367 1347 1431 πάλιν
1367 1359 1444 1457 εἶχε·

344 1470 416 1542 τούς
439 1469 473 1532 δὲ
489 1467 615 1544 λοιποδς
629 1472 891 1554 παραβλέψαντος
914 1469 943 1535 οἱ
963 1468 1023 1551 pir
1044 1469 1185 1555 φυγάδες
1205 1461 1332 1557 ᾤχοντρ,
1355 1460 1385 1530 ui
1410 1468 1445 1531 δὲ

345 1571 390 1643 είς
407 1569 610 1634 α’ποστασίαν
630 1566 817 1653 ἐτράποντο·
861 1574 893 1649 ἐξ
917 1563 961 1636 οἷν
984 1571 1039 1635 καί
1062 1569 1261 1654 δΒαρδινὸςι
1281 1567 1297 1631 ά
1321 1568 1446 1651 κρατῶν

304 1664 561 1753 1οτοδκάστρου
586 1669 762 1754 τοῦάγίου
786 1667 958 1756 Λανάτου,
992 1666 1092 1736 ου’τὸν
1120 1671 1325 1756 ἐξρρνήοατο.
1378 1670 1446 1749 μετ’

345 1770 453 1834 σδτῶν
470 1772 505 1834 δὲ
528 1773 583 1835 καί
614 1767 631 1834 ὅ
661 1772 903 1856 Καψοκαβάδρς
936 1770 996 1855 κάρ
1021 1770 1183 1855 Ἰωάννης,
1219 1769 1235 1832 δ
1267 1774 1301 1835 ἐν
1330 1768 1446 1856 toireio

345 1871 585 1953 Ἀρεοχοβιτζας
613 1869 743 1959 πύργῳ,
776 1867 890 1936 ἑαυτὸν
918 1871 1132 1945 α’πεσπάοατο.
1159 1922 1161 1925 v
1185 1869 1271 1938 οἶδὲ
1294 1868 1447 1936 οἰκειακοί
1520 1932 1523 1935 a

345 1969 444 2033 αδτοῦ
467 1967 589 2052 ἔντιμοι
610 1977 723 2056 Σὲρβοι
747 1969 776 2036 οἱ
797 1975 857 2053 μὲν
878 1977 1029 2058 κρυφίως-
1052 1973 1107 2037 α’π’
1139 1973 1238 2059 ariaci
1262 1970 1393 2056 ἔφυγον,
1415 1993 1445 2033 οι

298 2083 304 2092 “
346 2072 380 2135 δὲ
406 2076 574 2156 φανεράς,
608 2071 653 2157 μά
684 2070 853 2151 δυνάμενοι
885 2072 1056 2154 ὑπομένειν
1085 2072 1139 2158 τὴν
1173 2073 1273 2142 αὐτοῦ
1299 2068 1445 2154 μανιώδη

303 2168 530 2254 ιόσκαιότητα,Ι
552 2175 605 2236 a‘rr'
625 2175 728 2237 ου’τοῦ
748 2167 866 2262 ᾤχοντο
886 2178 942 2238 καί
961 2173 1154 2258 ἀπεδήμουν,
1177 2173 1219 2249 ὠς
1233 2177 1351 2260 μικροῦ
1364 2168 1447 2236 πάν-

345 2294 393 2345 τες
416 2271 514 2336 αὐτὸν
536 2276 685 2349 ἐξέλιπον.
737 2275 849 2355 α’μὲλει
878 2274 933 2338 καί
961 2277 1057 2350 αδτός
1087 2270 1308 2358 δπέμένε,’τά
1330 2268 1447 2337 ἑαυτοῦ

330 2377 494 2458 φρονῶν,
516 2373 739 2457 κυριευάμενος
762 2373 824 2438 turi
851 2379 905 2460 τῆς
927 2379 1107 2453 πλεονεξίας
1135 2375 1191 2439 καί
1210 2371 1444 2462 φιλαργυρίας·

344 2471 442 2557 μικρά
467 2473 528 2556 γάρ
551 2478 756 2540 πάσακακία
776 2477 854 2560 πρὸς
877 2480 988 2540 κακίαν
1008 2476 1065 2561 τὴν
1086 2482 1142 2541 τοῦ
1167 2477 1286 2563 Θωμάι
1400 2489 1403 2492 ’

430 2569 523 2639 ιΕίτα
547 2579 602 2639 καί
631 2573 708 2640 κατά
743 2581 798 2640 τοῦ
823 2567 902 2641 lauri
922 2579 979 2640 τοῦ
993 2576 1133 2660 κάοτρου
1155 2578 1258 2651 κακῶς
1278 2583 1373 2657 χεῖρα
1397 2575 1469 2650 ries

301 2680 448 2756 γοτείνει.
482 2675 569 2761 α’νὴρ
592 2676 653 2763 γάρ
675 2702 722 2754 τις
738 2682 800 2743 ταῖν
822 2682 957 2759 ἐντίμων
978 2680 1032 2762 τῆς
1052 2676 1185 2759 πόλεως,
1203 2678 1315 2751 Ἠλίας
1340 2679 1447 2742 Κλαυ-

345 2779 405 2863 σῆς
427 2774 665 2860 ὀνομαζόμενος,
688 2781 940 2862 προσεκαλέσατο
957 2776 1053 2842 αδτδν
1074 2776 1230 2860 οἷνάδοχον
1246 2778 1291 2852 είς
1311 2774 1346 2840 ιδ
1369 2769 1448 2838 ἑαυ-

299 2884 301 2889 ’
329 2878 404 2959 ρτοά
425 2876 635 2963 γνησιώτατον
666 2883 783 2949 τέκνον,
822 2876 874 2945 διά
902 2882 936 2945 δὲ
966 2876 999 2944 τὸ
1019 2874 1176 2961 ὑπάρχειν
1199 2878 1283 2965 αὐτῷ
1305 2873 1447 2960 κτήματα

347 2976 446 3045 πολλά
469 2978 525 3044 καί
545 2972 626 3044 εἶναι
651 2980 802 3047 πλούσιον
826 2985 929 3059 κακῶς
958 2980 1013 3045 καί
1034 2980 1174 3063 dspicatr
1196 2978 1295 3043 αὐτὸν
1314 2977 1448 3062 ἐτυράνέ

350 3283 432 3335 etiam
454 3283 619 3352 supellectili
639 3284 746 3338 divinas
763 3302 870 3337 manum
885 3284 1027 3337 admovere
1046 3301 1126 3335 ausus
1148 3290 1196 3349 est,
1215 3291 1298 3353 atque
1316 3279 1367 3333 hac
1386 3280 1448 3351 qui·

349 3354 409 3407 dem
432 3355 537 3406 ratione
557 3357 696 3409 ecclesiam
719 3360 852 3409 tractavit.
1146 3413 1150 3418 ,

435 3426 553 3495 ¹Deinde
570 3430 650 3480 etium
671 3429 846 3481 nobilissimis
865 3429 948 3479 malas
967 3426 1092 3479 admovet
1111 3443 1205 3477 manus
1227 3433 1257 3477 ut
1273 3426 1402 3475 Batatzen
1422 3432 1459 3475 et'

348 3498 486 3549 dominum
506 3498 681 3555 Constantem
700 3518 759 3551 cum
779 3503 870 3571 equite
893 3500 1025 3567 Myrsiose
1043 3498 1171 3550 rimurale
1191 3505 1336 3565 postquam
1355 3496 1383 3545 in
1402 3512 1447 3567 σο-ν

347 3570 429 3622 stello
453 3570 563 3620 inclusit
582 3578 610 3621 et
641 3570 736 3623 dolose
755 3572 902 3634 cruciavit,
930 3573 1057 3621 Batatzen
1082 3568 1191 3639 quidem
1217 3567 1335 3635 exsulem
1357 3568 1448 3628 eiecit,

347 3641 499 3692 Amuralem
519 3648 609 3695 autem
633 3644 790 3713 relinquens
812 3660 901 3694 rursus
920 3640 1071 3693 honoribus
1094 3640 1217 3703 donavit3
1235 3646 1339 3689 ceteros
1358 3646 1448 3689 autem

348 3730 408 3763 cum
427 3730 483 3763 non
503 3721 626 3775 curaret,
653 3715 700 3765 alii
719 3713 845 3766 celeriter¹
869 3715 1004 3782 fugeruut,
1025 3714 1071 3765 alii
1098 3713 1131 3762 ad
1149 3710 1311 3763 seditionem
1332 3726 1360 3760 se
1383 3727 1448 3760 con-

276 3824 280 3829 ,
338 3792 503 3844 uerterunt,
522 3800 636 3853 quorum
654 3787 683 3836 in
703 3804 816 3837 numero
836 3787 919 3837 etiam
932 3784 1062 3837 Bardinus
1082 3784 1142 3845 luit,
1162 3781 1327 3850 gubernator
1342 3780 1447 3831 castelli

348 3855 432 3907 sancti
456 3856 572 3917 Donati,
595 3858 640 3925 qui
659 3858 683 3907 ei
703 3858 903 3925 sedeuegavit,
927 3872 1041 3924 cumque
1067 3856 1099 3905 iis
1120 3854 1202 3905 etiam
1221 3853 1349 3903 dominus
1368 3854 1448 3903 loau-
1519 3897 1520 3900 ,

347 3944 396 3979 nes
415 3926 628 3995 Capsocubades,
652 3930 698 3997 qui
714 3930 742 3979 in
756 3928 967 3980 Areochobitzae
986 3944 1047 3978 arce
1066 3926 1190 3978 dominus
1203 3932 1269 3986 erat,
1288 3921 1315 3973 s'e
1335 3923 1369 3974 ab
1389 3924 1448 3974 eius

286 3995 292 3999 ”
348 3998 478 4049 societate
505 3999 624 4050 retraxit.
670 4017 702 4050 ex
733 4001 818 4068 ipsius
845 4007 934 4050 autem
961 4008 1040 4065 gente
1059 3997 1136 4049 Serbi
1163 3995 1291 4058 nobiles,
1311 3996 1360 4045 alii
1379 3997 1447 4046 clam
1502 4005 1505 4010 “

348 4069 521 4135 aufugerunt,
542 4070 589 4119 alii
609 4078 718 4139 aperte,
748 4088 808 4121 cum
831 4073 888 4122 eins
908 4070 1140 4138 importunitatem
1161 4070 1282 4119 insanam
1302 4067 1372 4117 ierre
1391 4084 1447 4117 non

348 4148 467 4209 possent,
486 4140 519 4189 ab
539 4156 571 4190 eo
591 4140 772 4193 discesserunt
790 4143 1038 4209 etemigraverunt,
1061 4141 1098 4190 ita
1117 4147 1148 4190 ut
1167 4155 1253 4208 paene
1272 4153 1365 4189 omnes
1384 4147 1454 4189 eum'

316 4244 317 4253 ι
348 4212 543 4281 relinquerent.
582 4211 760 4269 nihilomiuus
779 4214 837 4284 ipse
857 4212 972 4273 duravit,
992 4218 1147 4281 quanquam
1161 4212 1234 4263 'vitia
1255 4225 1302 4261 sua
1323 4209 1446 4261 animad-

347 4284 438 4345 vertit,
457 4282 594 4333 subiectus
622 4282 741 4334 habendi
773 4282 895 4352 cupidini
918 4291 946 4333 et
967 4283 1226 4351 avaritiae,-parva
1259 4282 1330 4332 enim
1359 4282 1445 4332 omnis

348 4354 464 4423 pravitas
482 4353 625 4409 videbatur
643 4370 691 4423 pro
711 4356 844 4424 pravitate
863 4354 1003 4405 Thomas.¹

435 4426 554 4491 ¹Deinde
573 4426 654 4477 etiam
674 4435 766 4478 contra
785 4426 994 4496 populumurcis
1012 4441 1120 4478 manum
1141 4426 1234 4477 erexit.
1270 4425 1352 4475 homo
1373 4423 1445 4473 enirn

276 4530 279 4536 -
348 4496 541 4551 sanabilibus
567 4497 655 4564 urbis,
683 4497 754 4553 Elias
774 4498 885 4553 Clauses
906 4498 1080 4572 appellatus,
1101 4513 1162 4551 eum
1180 4495 1231 4550 lilii
1249 4495 1291 4549 sui
1313 4492 1444 4549 verissimi
