<?xml version="1.0" encoding="UTF-8"?>
<!DOCTYPE html PUBLIC "-//W3C//DTD XHTML 1.0 Transitional//EN"
    "http://www.w3.org/TR/xhtml1/DTD/xhtml1-transitional.dtd">
<html xmlns="http://www.w3.org/1999/xhtml" xml:lang="en" lang="en">
 <head>
  <title>
</title>
<meta http-equiv="Content-Type" content="text/html;charset=utf-8" />
  <meta name='ocr-system' content='tesseract 3.04.00' />
  <meta name='ocr-capabilities' content='ocr_page ocr_carea ocr_par ocr_line ocrx_word'/>
</head>
<body>
  <div class='ocr_page' id='page_1' title='image "./historiapolitic00bekkgoog_0098.png"; bbox 0 0 3692 5350; ppageno 0'>
   <div class='ocr_carea' id='block_1_1' title="bbox 401 527 1087 640">
    <p class='ocr_par' dir='ltr' id='par_1_1' title="bbox 401 527 1087 640">
     <span class='ocr_line' id='line_1_1' title="bbox 401 527 1087 640; baseline -0.009 1"><span class='ocrx_word' id='word_1_1' title='bbox 401 527 403 534; x_wconf 40' lang='grc'>’</span> <span class='ocrx_word' id='word_1_2' title='bbox 442 569 490 640; x_wconf 72' lang='lat'><strong>88</strong></span> <span class='ocrx_word' id='word_1_3' title='bbox 853 539 1087 636; x_wconf 72' lang='lat' dir='ltr'><strong>¹rumonus</strong></span> 
     </span>
    </p>
   </div>
   <div class='ocr_carea' id='block_1_2' title="bbox 351 710 1637 2680">
    <p class='ocr_par' dir='ltr' id='par_1_2' title="bbox 438 710 1566 1496">
     <span class='ocr_line' id='line_1_2' title="bbox 439 710 1539 803; baseline -0.003 -19"><span class='ocrx_word' id='word_1_4' title='bbox 439 722 573 800; x_wconf 84' lang='grc' dir='ltr'><em>κόσμου,</em></span> <span class='ocrx_word' id='word_1_5' title='bbox 594 715 672 782; x_wconf 78' lang='grc' dir='ltr'><em>κατὰ</em></span> <span class='ocrx_word' id='word_1_6' title='bbox 693 717 728 782; x_wconf 86' lang='grc' dir='ltr'><strong>τό</strong></span> <span class='ocrx_word' id='word_1_7' title='bbox 752 717 956 802; x_wconf 82' lang='grc' dir='ltr'><em>πορόόειγμρ</em></span> <span class='ocrx_word' id='word_1_8' title='bbox 969 723 1028 783; x_wconf 89' lang='grc' dir='ltr'><strong>τοῦ</strong></span> <span class='ocrx_word' id='word_1_9' title='bbox 1045 720 1158 803; x_wconf 79' lang='grc' dir='ltr'><em>Ἰησοῦ,</em></span> <span class='ocrx_word' id='word_1_10' title='bbox 1181 710 1269 792; x_wconf 84' lang='grc' dir='ltr'><em>όστις</em></span> <span class='ocrx_word' id='word_1_11' title='bbox 1290 713 1442 792; x_wconf 69' lang='grc' dir='ltr'><em>ἓκσσσιλσς</em></span> <span class='ocrx_word' id='word_1_12' title='bbox 1460 716 1539 781; x_wconf 74' lang='grc' dir='ltr'><strong>ὅτιέ-</strong></span> 
     </span>
     <span class='ocr_line' id='line_1_3' title="bbox 438 814 1547 901; baseline 0.001 -19"><span class='ocrx_word' id='word_1_13' title='bbox 438 825 519 882; x_wconf 65' lang='lat' dir='ltr'><strong>&amp;uve</strong></span> <span class='ocrx_word' id='word_1_14' title='bbox 553 814 632 880; x_wconf 81' lang='grc' dir='ltr'><em>κατὰ</em></span> <span class='ocrx_word' id='word_1_15' title='bbox 661 814 696 880; x_wconf 90' lang='grc' dir='ltr'><strong>τό</strong></span> <span class='ocrx_word' id='word_1_16' title='bbox 734 816 934 901; x_wconf 72' lang='grc' dir='ltr'><em>ἀνθρώπινον</em></span> <span class='ocrx_word' id='word_1_17' title='bbox 962 819 1043 899; x_wconf 82' lang='grc' dir='ltr'><em>ύτιὲρ</em></span> <span class='ocrx_word' id='word_1_18' title='bbox 1075 817 1132 881; x_wconf 86' lang='grc' dir='ltr'><strong>τοῦ</strong></span> <span class='ocrx_word' id='word_1_19' title='bbox 1161 820 1309 900; x_wconf 76' lang='grc' dir='ltr'><em>σωθῆναι</em></span> <span class='ocrx_word' id='word_1_20' title='bbox 1336 815 1390 880; x_wconf 88' lang='grc' dir='ltr'><strong>τόν</strong></span> <span class='ocrx_word' id='word_1_21' title='bbox 1409 814 1547 898; x_wconf 83' lang='grc' dir='ltr'>κόσμον..</span> 
     </span>
     <span class='ocr_line' id='line_1_4' title="bbox 439 913 1540 999; baseline -0.002 -19"><span class='ocrx_word' id='word_1_22' title='bbox 439 916 524 981; x_wconf 86' lang='grc' dir='ltr'><em>οῦτω</em></span> <span class='ocrx_word' id='word_1_23' title='bbox 544 913 730 995; x_wconf 80' lang='grc' dir='ltr'><em>πιστεύομεν</em></span> <span class='ocrx_word' id='word_1_24' title='bbox 751 913 841 999; x_wconf 73' lang='grc' dir='ltr'><em>ἡμεῖς</em></span> <span class='ocrx_word' id='word_1_25' title='bbox 862 914 918 981; x_wconf 90' lang='grc' dir='ltr'><strong>τόν</strong></span> <span class='ocrx_word' id='word_1_26' title='bbox 938 914 993 980; x_wconf 75' lang='grc' dir='ltr'><strong>ἕνα</strong></span> <span class='ocrx_word' id='word_1_27' title='bbox 1014 915 1089 980; x_wconf 74' lang='grc' dir='ltr'><em>θεόν</em></span> <span class='ocrx_word' id='word_1_28' title='bbox 1111 918 1144 980; x_wconf 82' lang='grc' dir='ltr'><strong>όν</strong></span> <span class='ocrx_word' id='word_1_29' title='bbox 1173 913 1298 997; x_wconf 78' lang='grc' dir='ltr'><strong><em>τριάδι,</em></strong></span> <span class='ocrx_word' id='word_1_30' title='bbox 1320 921 1444 998; x_wconf 80' lang='grc' dir='ltr'><strong><em>πατέρα</em></strong></span> <span class='ocrx_word' id='word_1_31' title='bbox 1467 913 1540 980; x_wconf 76' lang='grc' dir='ltr'><em>οἶόν</em></span> 
     </span>
     <span class='ocr_line' id='line_1_5' title="bbox 438 1010 1541 1097; baseline -0.004 -17"><span class='ocrx_word' id='word_1_32' title='bbox 438 1015 494 1080; x_wconf 91' lang='grc' dir='ltr'><strong><em>καί</em></strong></span> <span class='ocrx_word' id='word_1_33' title='bbox 513 1018 637 1095; x_wconf 83' lang='grc' dir='ltr'><em>πνεῦμα</em></span> <span class='ocrx_word' id='word_1_34' title='bbox 667 1010 775 1096; x_wconf 79' lang='grc' dir='ltr'><em>ἅγιον,</em></span> <span class='ocrx_word' id='word_1_35' title='bbox 808 1013 917 1091; x_wconf 75' lang='grc' dir='ltr'><em>καθώς</em></span> <span class='ocrx_word' id='word_1_36' title='bbox 947 1011 1124 1092; x_wconf 84' lang='grc' dir='ltr'><em>ε’δι’όοξενό</em></span> <span class='ocrx_word' id='word_1_37' title='bbox 1147 1012 1287 1096; x_wconf 82' lang='grc' dir='ltr'><em>Χριστός</em></span> <span class='ocrx_word' id='word_1_38' title='bbox 1311 1015 1401 1096; x_wconf 73' lang='grc' dir='ltr'><em>ἡμῶν</em></span> <span class='ocrx_word' id='word_1_39' title='bbox 1420 1016 1541 1097; x_wconf 78' lang='grc' dir='ltr'><em>Ἰησοῦς</em></span> 
     </span>
     <span class='ocr_line' id='line_1_6' title="bbox 439 1109 1566 1197; baseline -0.006 -16"><span class='ocrx_word' id='word_1_40' title='bbox 439 1113 587 1197; x_wconf 87' lang='grc' dir='ltr'><em>Χριστός.</em></span> <span class='ocrx_word' id='word_1_41' title='bbox 644 1116 699 1177; x_wconf 99' lang='grc' dir='ltr'><strong><em>καί</em></strong></span> <span class='ocrx_word' id='word_1_42' title='bbox 729 1112 813 1176; x_wconf 84' lang='grc' dir='ltr'><em>όιότι</em></span> <span class='ocrx_word' id='word_1_43' title='bbox 835 1109 920 1178; x_wconf 77' lang='grc' dir='ltr'><em>ε’στόν</em></span> <span class='ocrx_word' id='word_1_44' title='bbox 940 1115 1081 1197; x_wconf 72' lang='grc' dir='ltr'><em>ἀληθής,</em></span> <span class='ocrx_word' id='word_1_45' title='bbox 1105 1111 1305 1193; x_wconf 73' lang='grc' dir='ltr'><strong>πιστεύομεν,</strong></span> <span class='ocrx_word' id='word_1_46' title='bbox 1328 1109 1373 1176; x_wconf 85' lang='grc' dir='ltr'><strong>ότι</strong></span> <span class='ocrx_word' id='word_1_47' title='bbox 1396 1116 1466 1177; x_wconf 80' lang='grc' dir='ltr'><em>ἐστι</em></span> <span class='ocrx_word' id='word_1_48' title='bbox 1486 1113 1541 1174; x_wconf 92' lang='grc' dir='ltr'><strong><em>καί</em></strong></span> <span class='ocrx_word' id='word_1_49' title='bbox 1548 1118 1566 1168; x_wconf 82' lang='grc'>5</span> 
     </span>
     <span class='ocr_line' id='line_1_7' title="bbox 440 1207 1540 1298; baseline -0.005 -20"><span class='ocrx_word' id='word_1_50' title='bbox 440 1214 645 1298; x_wconf 77' lang='grc' dir='ltr'><em>σύτοοληθὲς.</em></span> <span class='ocrx_word' id='word_1_51' title='bbox 698 1213 752 1276; x_wconf 78' lang='grc' dir='ltr'><strong>κατ’</strong></span> <span class='ocrx_word' id='word_1_52' title='bbox 783 1209 813 1275; x_wconf 84' lang='grc' dir='ltr'><strong>οἱ</strong></span> <span class='ocrx_word' id='word_1_53' title='bbox 834 1210 980 1294; x_wconf 71' lang='grc' dir='ltr'><em>μαθηταὶ</em></span> <span class='ocrx_word' id='word_1_54' title='bbox 1006 1214 1110 1276; x_wconf 90' lang='grc' dir='ltr'><em>αύτοῦ</em></span> <span class='ocrx_word' id='word_1_55' title='bbox 1141 1207 1244 1292; x_wconf 83' lang='grc' dir='ltr'><em>οῦτως</em></span> <span class='ocrx_word' id='word_1_56' title='bbox 1281 1207 1434 1289; x_wconf 78' lang='grc' dir='ltr'><em>όδίόοξον</em></span> <span class='ocrx_word' id='word_1_57' title='bbox 1454 1211 1540 1294; x_wconf 77' lang='grc' dir='ltr'><em>ἡμᾶς</em></span> 
     </span>
     <span class='ocr_line' id='line_1_8' title="bbox 438 1307 1540 1395; baseline -0.002 -19"><span class='ocrx_word' id='word_1_58' title='bbox 438 1310 647 1394; x_wconf 86' lang='grc' dir='ltr'><em>πλατύτερον.</em></span> <span class='ocrx_word' id='word_1_59' title='bbox 703 1307 787 1374; x_wconf 86' lang='grc' dir='ltr'><em>οῦτω</em></span> <span class='ocrx_word' id='word_1_60' title='bbox 822 1312 978 1395; x_wconf 76' lang='grc' dir='ltr'><strong>νοοῦμεν,</strong></span> <span class='ocrx_word' id='word_1_61' title='bbox 1013 1309 1070 1375; x_wconf 75' lang='lat' dir='ltr'><strong>sui</strong></span> <span class='ocrx_word' id='word_1_62' title='bbox 1104 1309 1166 1374; x_wconf 82' lang='lat' dir='ltr'><strong>dud</strong></span> <span class='ocrx_word' id='word_1_63' title='bbox 1198 1315 1254 1392; x_wconf 80' lang='grc' dir='ltr'><strong>τῆς</strong></span> <span class='ocrx_word' id='word_1_64' title='bbox 1286 1308 1453 1390; x_wconf 79' lang='grc' dir='ltr'><em>δυνάμεως</em></span> <span class='ocrx_word' id='word_1_65' title='bbox 1485 1312 1540 1389; x_wconf 77' lang='grc' dir='ltr'><strong>τῆς</strong></span> 
     </span>
     <span class='ocr_line' id='line_1_9' title="bbox 440 1412 566 1496; baseline -0.016 -22"><span class='ocrx_word' id='word_1_66' title='bbox 440 1412 566 1496; x_wconf 76' lang='grc' dir='ltr'><em>σοφίας.</em></span> 
     </span>
    </p>

    <p class='ocr_par' dir='ltr' id='par_1_3' title="bbox 351 1499 1637 2680">
     <span class='ocr_line' id='line_1_10' title="bbox 523 1499 1546 1591; baseline -0.002 -21"><span class='ocrx_word' id='word_1_67' title='bbox 523 1509 557 1586; x_wconf 84' lang='grc' dir='ltr'><strong>ζ’.</strong></span> <span class='ocrx_word' id='word_1_68' title='bbox 600 1505 803 1585; x_wconf 88' lang='grc' dir='ltr'><em>Πιστεύομεν</em></span> <span class='ocrx_word' id='word_1_69' title='bbox 825 1500 872 1570; x_wconf 87' lang='grc' dir='ltr'><strong>ότι</strong></span> <span class='ocrx_word' id='word_1_70' title='bbox 895 1504 911 1568; x_wconf 86' lang='grc' dir='ltr'><em>ὃ</em></span> <span class='ocrx_word' id='word_1_71' title='bbox 934 1502 1022 1588; x_wconf 81' lang='grc' dir='ltr'><em>λόγος</em></span> <span class='ocrx_word' id='word_1_72' title='bbox 1044 1507 1104 1567; x_wconf 85' lang='grc' dir='ltr'><strong>τοῦ</strong></span> <span class='ocrx_word' id='word_1_73' title='bbox 1126 1507 1222 1584; x_wconf 76' lang='grc' dir='ltr'><em>θεοῦ,</em></span> <span class='ocrx_word' id='word_1_74' title='bbox 1246 1507 1301 1568; x_wconf 80' lang='grc' dir='ltr'><strong><em>καί</em></strong></span> <span class='ocrx_word' id='word_1_75' title='bbox 1322 1504 1339 1568; x_wconf 86' lang='grc' dir='ltr'><em>ό</em></span> <span class='ocrx_word' id='word_1_76' title='bbox 1361 1499 1546 1591; x_wconf 70' lang='grc' dir='ltr'><em>ἅνθρωπος,-</em></span> 
     </span>
     <span class='ocr_line' id='line_1_11' title="bbox 440 1599 1583 1690; baseline 0.003 -22"><span class='ocrx_word' id='word_1_77' title='bbox 440 1605 477 1671; x_wconf 73' lang='lat' dir='ltr'><strong>iv</strong></span> <span class='ocrx_word' id='word_1_78' title='bbox 497 1604 633 1690; x_wconf 73' lang='grc' dir='ltr'><em>ἑνεόύθρ</em></span> <span class='ocrx_word' id='word_1_79' title='bbox 658 1601 674 1666; x_wconf 90' lang='grc' dir='ltr'><em>ό</em></span> <span class='ocrx_word' id='word_1_80' title='bbox 706 1601 796 1687; x_wconf 80' lang='grc' dir='ltr'><em>λόγος</em></span> <span class='ocrx_word' id='word_1_81' title='bbox 827 1607 884 1670; x_wconf 85' lang='grc' dir='ltr'><strong>τοῦ</strong></span> <span class='ocrx_word' id='word_1_82' title='bbox 904 1608 992 1683; x_wconf 72' lang='grc' dir='ltr'><em>θεοῦ,</em></span> <span class='ocrx_word' id='word_1_83' title='bbox 1013 1606 1100 1668; x_wconf 78' lang='grc' dir='ltr'><em>ἐστόν</em></span> <span class='ocrx_word' id='word_1_84' title='bbox 1130 1603 1320 1687; x_wconf 88' lang='grc' dir='ltr'><em>όΧριστός.</em></span> <span class='ocrx_word' id='word_1_85' title='bbox 1362 1608 1418 1669; x_wconf 78' lang='grc' dir='ltr'><strong>κατ’</strong></span> <span class='ocrx_word' id='word_1_86' title='bbox 1438 1599 1458 1687; x_wconf 81' lang='grc' dir='ltr'><em>ἦ</em></span> <span class='ocrx_word' id='word_1_87' title='bbox 1479 1609 1539 1686; x_wconf 83' lang='grc' dir='ltr'><em>μὲν</em></span> <span class='ocrx_word' id='word_1_88' title='bbox 1550 1609 1583 1661; x_wconf 83' lang='lat'><strong>¹⁰</strong></span> 
     </span>
     <span class='ocr_line' id='line_1_12' title="bbox 441 1696 1637 1795; baseline -0.002 -27"><span class='ocrx_word' id='word_1_89' title='bbox 441 1704 505 1788; x_wconf 67' lang='grc' dir='ltr'><strong>ζωὴ</strong></span> <span class='ocrx_word' id='word_1_90' title='bbox 529 1709 589 1768; x_wconf 84' lang='grc' dir='ltr'><strong>τοῦ</strong></span> <span class='ocrx_word' id='word_1_91' title='bbox 601 1707 745 1787; x_wconf 81' lang='grc' dir='ltr'><em>Χριστοῦ</em></span> <span class='ocrx_word' id='word_1_92' title='bbox 758 1707 791 1769; x_wconf 82' lang='grc' dir='ltr'><strong>ἐν</strong></span> <span class='ocrx_word' id='word_1_93' title='bbox 807 1705 844 1787; x_wconf 80' lang='grc' dir='ltr'><strong>τῇ</strong></span> <span class='ocrx_word' id='word_1_94' title='bbox 864 1706 961 1788; x_wconf 73' lang='grc' dir='ltr'><em>σορκΐ</em></span> <span class='ocrx_word' id='word_1_95' title='bbox 982 1703 1082 1778; x_wconf 85' lang='grc' dir='ltr'><em>αύτοῦ</em></span> <span class='ocrx_word' id='word_1_96' title='bbox 1098 1696 1136 1785; x_wconf 72' lang='grc' dir='ltr'><strong>ἢν</strong></span> <span class='ocrx_word' id='word_1_97' title='bbox 1157 1703 1220 1787; x_wconf 67' lang='grc' dir='ltr'><strong>ζωὴ</strong></span> <span class='ocrx_word' id='word_1_98' title='bbox 1246 1705 1419 1786; x_wconf 78' lang='grc' dir='ltr'><em>α’νθρσόττοο</em></span> <span class='ocrx_word' id='word_1_99' title='bbox 1441 1702 1541 1785; x_wconf 83' lang='grc' dir='ltr'><em>ῦσερ-</em></span> <span class='ocrx_word' id='word_1_100' title='bbox 1633 1782 1637 1795; x_wconf 30' lang='lat'>⁸</span> 
     </span>
     <span class='ocr_line' id='line_1_13' title="bbox 351 1797 1541 1888; baseline -0.002 -20"><span class='ocrx_word' id='word_1_101' title='bbox 351 1797 357 1806; x_wconf 71' lang='grc'>’</span> <span class='ocrx_word' id='word_1_102' title='bbox 440 1809 550 1887; x_wconf 89' lang='grc' dir='ltr'><em>σγιόυ,</em></span> <span class='ocrx_word' id='word_1_103' title='bbox 583 1803 601 1888; x_wconf 79' lang='grc' dir='ltr'><em>ἡ</em></span> <span class='ocrx_word' id='word_1_104' title='bbox 631 1806 666 1868; x_wconf 79' lang='lat' dir='ltr'><strong>di</strong></span> <span class='ocrx_word' id='word_1_105' title='bbox 694 1801 830 1884; x_wconf 83' lang='grc' dir='ltr'><em>δύναμις</em></span> <span class='ocrx_word' id='word_1_106' title='bbox 851 1805 908 1887; x_wconf 80' lang='grc' dir='ltr'><strong>τῆς</strong></span> <span class='ocrx_word' id='word_1_107' title='bbox 937 1804 1054 1888; x_wconf 72' lang='grc' dir='ltr'><em>σοφίας</em></span> <span class='ocrx_word' id='word_1_108' title='bbox 1081 1801 1134 1866; x_wconf 92' lang='grc' dir='ltr'><strong><em>καί</em></strong></span> <span class='ocrx_word' id='word_1_109' title='bbox 1155 1806 1220 1866; x_wconf 78' lang='grc' dir='ltr'><strong>των</strong></span> <span class='ocrx_word' id='word_1_110' title='bbox 1241 1798 1341 1887; x_wconf 81' lang='grc' dir='ltr'><em>όργων</em></span> <span class='ocrx_word' id='word_1_111' title='bbox 1376 1804 1478 1866; x_wconf 88' lang='grc' dir='ltr'><em>ούτσῦ</em></span> <span class='ocrx_word' id='word_1_112' title='bbox 1502 1797 1541 1887; x_wconf 77' lang='grc' dir='ltr'><strong>ἤν</strong></span> 
     </span>
     <span class='ocr_line' id='line_1_14' title="bbox 440 1891 1129 1982; baseline -0.006 -17"><span class='ocrx_word' id='word_1_113' title='bbox 440 1906 521 1965; x_wconf 72' lang='grc' dir='ltr'><em>θεοῦ</em></span> <span class='ocrx_word' id='word_1_114' title='bbox 538 1891 687 1982; x_wconf 71' lang='grc' dir='ltr'><em>δύναμις.</em></span> <span class='ocrx_word' id='word_1_115' title='bbox 1125 1956 1129 1961; x_wconf 70' lang='grc'><em>,</em></span> 
     </span>
     <span class='ocr_line' id='line_1_15' title="bbox 430 1997 1540 2086; baseline -0.005 -18"><span class='ocrx_word' id='word_1_116' title='bbox 430 2069 439 2086; x_wconf 37' lang='lat' dir='ltr'><em>l</em></span> <span class='ocrx_word' id='word_1_117' title='bbox 525 1999 562 2084; x_wconf 79' lang='grc' dir='ltr'><strong>η’.</strong></span> <span class='ocrx_word' id='word_1_118' title='bbox 605 2007 811 2084; x_wconf 85' lang='grc' dir='ltr'><em>Πιστεύομεν</em></span> <span class='ocrx_word' id='word_1_119' title='bbox 848 2001 914 2084; x_wconf 85' lang='grc' dir='ltr'><em>ότι,</em></span> <span class='ocrx_word' id='word_1_120' title='bbox 938 1997 1045 2084; x_wconf 70' lang='grc' dir='ltr'><em>οἵσπερ</em></span> <span class='ocrx_word' id='word_1_121' title='bbox 1081 2001 1213 2086; x_wconf 72' lang='grc' dir='ltr'><em>ἧιγσχὴ</em></span> <span class='ocrx_word' id='word_1_122' title='bbox 1237 2005 1293 2064; x_wconf 91' lang='grc' dir='ltr'><strong><em>καί</em></strong></span> <span class='ocrx_word' id='word_1_123' title='bbox 1311 2000 1345 2066; x_wconf 89' lang='grc' dir='ltr'><strong>τό</strong></span> <span class='ocrx_word' id='word_1_124' title='bbox 1366 2002 1459 2082; x_wconf 75' lang='grc' dir='ltr'><em>σῶμα</em></span> <span class='ocrx_word' id='word_1_125' title='bbox 1481 2002 1540 2066; x_wconf 86' lang='grc' dir='ltr'><strong>τοῦ</strong></span> 
     </span>
     <span class='ocr_line' id='line_1_16' title="bbox 440 2094 1583 2186; baseline -0.006 -21"><span class='ocrx_word' id='word_1_126' title='bbox 440 2098 510 2176; x_wconf 74' lang='grc' dir='ltr'><em>ἑνός</em></span> <span class='ocrx_word' id='word_1_127' title='bbox 529 2101 702 2186; x_wconf 75' lang='grc' dir='ltr'><em>ἀνθρώπου</em></span> <span class='ocrx_word' id='word_1_128' title='bbox 726 2104 843 2184; x_wconf 77' lang='grc' dir='ltr'><em>γίνεται</em></span> <span class='ocrx_word' id='word_1_129' title='bbox 855 2095 900 2174; x_wconf 86' lang='grc' dir='ltr'><em>εἷς</em></span> <span class='ocrx_word' id='word_1_130' title='bbox 914 2094 1091 2181; x_wconf 74' lang='grc' dir='ltr'><em>ἅνθρωπος,</em></span> <span class='ocrx_word' id='word_1_131' title='bbox 1114 2097 1214 2175; x_wconf 76' lang='grc' dir='ltr'><em>οὕτως</em></span> <span class='ocrx_word' id='word_1_132' title='bbox 1233 2099 1249 2163; x_wconf 86' lang='grc' dir='ltr'><em>ό</em></span> <span class='ocrx_word' id='word_1_133' title='bbox 1268 2102 1359 2182; x_wconf 86' lang='grc' dir='ltr'><em>λόγος</em></span> <span class='ocrx_word' id='word_1_134' title='bbox 1379 2103 1435 2163; x_wconf 87' lang='grc' dir='ltr'><strong>τοῦ</strong></span> <span class='ocrx_word' id='word_1_135' title='bbox 1450 2100 1540 2180; x_wconf 78' lang='grc' dir='ltr'><em>θεοῦ,</em></span> <span class='ocrx_word' id='word_1_136' title='bbox 1551 2106 1583 2158; x_wconf 81' lang='grc'><strong>15</strong></span> 
     </span>
     <span class='ocr_line' id='line_1_17' title="bbox 441 2193 1541 2285; baseline -0.003 -21"><span class='ocrx_word' id='word_1_137' title='bbox 441 2199 500 2285; x_wconf 71' lang='grc' dir='ltr'><strong>ἀφ’</strong></span> <span class='ocrx_word' id='word_1_138' title='bbox 524 2196 590 2274; x_wconf 77' lang='grc' dir='ltr'><em>ἑνός</em></span> <span class='ocrx_word' id='word_1_139' title='bbox 611 2203 738 2282; x_wconf 81' lang='grc' dir='ltr'><em>μέρους,</em></span> <span class='ocrx_word' id='word_1_140' title='bbox 759 2203 814 2264; x_wconf 82' lang='grc' dir='ltr'><strong><em>καί</em></strong></span> <span class='ocrx_word' id='word_1_141' title='bbox 827 2202 883 2262; x_wconf 75' lang='grc' dir='ltr'><strong>ἀπ’</strong></span> <span class='ocrx_word' id='word_1_142' title='bbox 902 2193 1002 2264; x_wconf 78' lang='grc' dir='ltr'><em>ἄλλου</em></span> <span class='ocrx_word' id='word_1_143' title='bbox 1015 2204 1134 2281; x_wconf 83' lang='grc' dir='ltr'><em>μέρους</em></span> <span class='ocrx_word' id='word_1_144' title='bbox 1155 2200 1174 2282; x_wconf 78' lang='grc' dir='ltr'><strong><em>ἡ</em></strong></span> <span class='ocrx_word' id='word_1_145' title='bbox 1197 2198 1289 2283; x_wconf 68' lang='grc' dir='ltr'><strong>ψυχὴ</strong></span> <span class='ocrx_word' id='word_1_146' title='bbox 1309 2202 1365 2264; x_wconf 92' lang='grc' dir='ltr'><strong><em>καί</em></strong></span> <span class='ocrx_word' id='word_1_147' title='bbox 1376 2197 1410 2263; x_wconf 86' lang='grc' dir='ltr'><strong>τό</strong></span> <span class='ocrx_word' id='word_1_148' title='bbox 1434 2202 1541 2280; x_wconf 78' lang='grc' dir='ltr'><em>σῶμα,</em></span> 
     </span>
     <span class='ocr_line' id='line_1_18' title="bbox 441 2285 1541 2382; baseline -0.001 -21"><span class='ocrx_word' id='word_1_149' title='bbox 441 2296 506 2362; x_wconf 79' lang='grc' dir='ltr'><em>εἰσί</em></span> <span class='ocrx_word' id='word_1_150' title='bbox 525 2294 655 2360; x_wconf 83' lang='grc' dir='ltr'><em>πόντοτε</em></span> <span class='ocrx_word' id='word_1_151' title='bbox 678 2295 735 2360; x_wconf 89' lang='grc' dir='ltr'><strong>όύσ</strong></span> <span class='ocrx_word' id='word_1_152' title='bbox 756 2285 880 2382; x_wconf 82' lang='grc' dir='ltr'><em>φύσεις,</em></span> <span class='ocrx_word' id='word_1_153' title='bbox 899 2299 1130 2378; x_wconf 82' lang='grc' dir='ltr'><em>μεμερισμένοι</em></span> <span class='ocrx_word' id='word_1_154' title='bbox 1144 2298 1271 2370; x_wconf 76' lang='grc' dir='ltr'><em>τελείως</em></span> <span class='ocrx_word' id='word_1_155' title='bbox 1290 2293 1325 2359; x_wconf 79' lang='grc' dir='ltr'><strong>ἐν</strong></span> <span class='ocrx_word' id='word_1_156' title='bbox 1343 2296 1392 2369; x_wconf 70' lang='grc' dir='ltr'><strong>ἔνι’</strong></span> <span class='ocrx_word' id='word_1_157' title='bbox 1410 2295 1541 2381; x_wconf 78' lang='grc' dir='ltr'><em>οἱνθρσό-</em></span> 
     </span>
     <span class='ocr_line' id='line_1_19' title="bbox 442 2389 1543 2484; baseline -0.003 -24"><span class='ocrx_word' id='word_1_158' title='bbox 442 2421 510 2484; x_wconf 81' lang='grc' dir='ltr'><em>πιρ·</em></span> <span class='ocrx_word' id='word_1_159' title='bbox 552 2389 636 2458; x_wconf 84' lang='grc' dir='ltr'><em>σῦτω</em></span> <span class='ocrx_word' id='word_1_160' title='bbox 658 2395 752 2481; x_wconf 65' lang='lat' dir='ltr'><strong>uuis}</strong></span> <span class='ocrx_word' id='word_1_161' title='bbox 776 2395 986 2480; x_wconf 76' lang='grc' dir='ltr'><em>ύνθρωσότης</em></span> <span class='ocrx_word' id='word_1_162' title='bbox 1012 2394 1069 2459; x_wconf 91' lang='grc' dir='ltr'><strong><em>καί</em></strong></span> <span class='ocrx_word' id='word_1_163' title='bbox 1089 2399 1110 2479; x_wconf 74' lang='grc' dir='ltr'><em>ἡ</em></span> <span class='ocrx_word' id='word_1_164' title='bbox 1131 2393 1252 2479; x_wconf 78' lang='grc' dir='ltr'><em>θεότης,</em></span> <span class='ocrx_word' id='word_1_165' title='bbox 1274 2394 1353 2460; x_wconf 80' lang='grc' dir='ltr'><em>εἷσόν</em></span> <span class='ocrx_word' id='word_1_166' title='bbox 1375 2397 1409 2458; x_wconf 82' lang='grc' dir='ltr'><strong>ἐν</strong></span> <span class='ocrx_word' id='word_1_167' title='bbox 1429 2399 1473 2484; x_wconf 70' lang='grc' dir='ltr'><strong>τῷ</strong></span> <span class='ocrx_word' id='word_1_168' title='bbox 1494 2389 1543 2458; x_wconf 69' lang='grc' dir='ltr'><strong>ἔνι’</strong></span> 
     </span>
     <span class='ocr_line' id='line_1_20' title="bbox 440 2479 1542 2582; baseline -0.001 -26"><span class='ocrx_word' id='word_1_169' title='bbox 440 2497 574 2582; x_wconf 77' lang='grc' dir='ltr'><em>Χριστῷ</em></span> <span class='ocrx_word' id='word_1_170' title='bbox 593 2479 826 2582; x_wconf 79' lang='grc' dir='ltr'><em>μεμερισμένοι</em></span> <span class='ocrx_word' id='word_1_171' title='bbox 847 2497 887 2582; x_wconf 78' lang='grc' dir='ltr'><strong>τῇ</strong></span> <span class='ocrx_word' id='word_1_172' title='bbox 916 2494 1013 2580; x_wconf 84' lang='grc' dir='ltr'><em>φύσει</em></span> <span class='ocrx_word' id='word_1_173' title='bbox 1031 2496 1166 2576; x_wconf 83' lang='grc' dir='ltr'><em>τελείως,</em></span> <span class='ocrx_word' id='word_1_174' title='bbox 1189 2495 1265 2558; x_wconf 74' lang='grc' dir='ltr'><strong><em>καθ’</em></strong></span> <span class='ocrx_word' id='word_1_175' title='bbox 1284 2490 1460 2558; x_wconf 84' lang='grc' dir='ltr'><em>ῦττόστσσιν</em></span> <span class='ocrx_word' id='word_1_176' title='bbox 1479 2494 1542 2574; x_wconf 91' lang='grc' dir='ltr'><em>μό.</em></span> 
     </span>
     <span class='ocr_line' id='line_1_21' title="bbox 440 2589 1584 2680; baseline -0.005 -22"><span class='ocrx_word' id='word_1_177' title='bbox 440 2617 493 2658; x_wconf 89' lang='grc' dir='ltr'><strong>νον</strong></span> <span class='ocrx_word' id='word_1_178' title='bbox 517 2593 574 2658; x_wconf 81' lang='grc' dir='ltr'><strong>κάἰ</strong></span> <span class='ocrx_word' id='word_1_179' title='bbox 598 2597 806 2679; x_wconf 82' lang='grc' dir='ltr'><em>πρισωττικιῦς</em></span> <span class='ocrx_word' id='word_1_180' title='bbox 839 2594 1009 2680; x_wconf 76' lang='grc' dir='ltr'><em>ἡνωμέναι.</em></span> <span class='ocrx_word' id='word_1_181' title='bbox 1062 2596 1117 2658; x_wconf 76' lang='grc' dir='ltr'><strong>κατ’</strong></span> <span class='ocrx_word' id='word_1_182' title='bbox 1136 2589 1210 2658; x_wconf 83' lang='grc' dir='ltr'><em>οῦτε</em></span> <span class='ocrx_word' id='word_1_183' title='bbox 1231 2589 1247 2657; x_wconf 89' lang='grc' dir='ltr'><em>ό</em></span> <span class='ocrx_word' id='word_1_184' title='bbox 1269 2593 1357 2678; x_wconf 94' lang='grc' dir='ltr'><em>λόγος</em></span> <span class='ocrx_word' id='word_1_185' title='bbox 1379 2593 1436 2657; x_wconf 83' lang='grc' dir='ltr'><strong>τοῦ</strong></span> <span class='ocrx_word' id='word_1_186' title='bbox 1461 2595 1584 2656; x_wconf 60' lang='lat' dir='ltr'><strong>desito</strong></span> 
     </span>
    </p>
   </div>
   <div class='ocr_carea' id='block_1_3' title="bbox 512 2728 1541 2887">
    <p class='ocr_par' dir='ltr' id='par_1_4' title="bbox 512 2728 1541 2887">
     <span class='ocr_line' id='line_1_22' title="bbox 512 2728 1541 2819; baseline 0.002 -20"><span class='ocrx_word' id='word_1_187' title='bbox 512 2747 537 2799; x_wconf 87' lang='grc'><strong>7.</strong></span> <span class='ocrx_word' id='word_1_188' title='bbox 555 2749 604 2799; x_wconf 84' lang='grc' dir='ltr'><strong>καλ</strong></span> <span class='ocrx_word' id='word_1_189' title='bbox 622 2744 711 2807; x_wconf 81' lang='grc' dir='ltr'><em>οὕτως</em></span> <span class='ocrx_word' id='word_1_190' title='bbox 731 2745 871 2819; x_wconf 78' lang='grc' dir='ltr'><em>ἀκούομεν</em></span> <span class='ocrx_word' id='word_1_191' title='bbox 897 2728 994 2802; x_wconf 78' lang='grc' dir='ltr'><em>οἶσόΡ</em></span> <span class='ocrx_word' id='word_1_192' title='bbox 1067 2747 1108 2799; x_wconf 83' lang='grc'><strong>15.</strong></span> <span class='ocrx_word' id='word_1_193' title='bbox 1128 2743 1343 2801; x_wconf 69' lang='lat' dir='ltr'><strong>struxisti?</strong></span> <span class='ocrx_word' id='word_1_194' title='bbox 1431 2745 1475 2801; x_wconf 83' lang='grc'><strong>16.</strong></span> <span class='ocrx_word' id='word_1_195' title='bbox 1491 2751 1541 2818; x_wconf 81' lang='grc' dir='ltr'><em>μέ·</em></span> 
     </span>
     <span class='ocr_line' id='line_1_23' title="bbox 513 2818 1132 2887; baseline -0.002 -17"><span class='ocrx_word' id='word_1_196' title='bbox 513 2832 580 2887; x_wconf 85' lang='grc' dir='ltr'><em>ρους</em></span> <span class='ocrx_word' id='word_1_197' title='bbox 598 2819 712 2870; x_wconf 85' lang='lat' dir='ltr'><strong>nlterum</strong></span> <span class='ocrx_word' id='word_1_198' title='bbox 734 2834 778 2869; x_wconf 87' lang='lat' dir='ltr'><strong>om</strong></span> <span class='ocrx_word' id='word_1_199' title='bbox 796 2818 814 2869; x_wconf 87' lang='lat' dir='ltr'>P</span> <span class='ocrx_word' id='word_1_200' title='bbox 839 2823 846 2827; x_wconf 86' lang='grc'><em>“</em></span> <span class='ocrx_word' id='word_1_201' title='bbox 981 2822 994 2847; x_wconf 76' lang='grc'><strong>’</strong></span> <span class='ocrx_word' id='word_1_202' title='bbox 1120 2842 1132 2858; x_wconf 90' lang='lat'>·</span> 
     </span>
    </p>
   </div>
   <div class='ocr_carea' id='block_1_4' title="bbox 442 2934 1609 3570">
    <p class='ocr_par' dir='ltr' id='par_1_5' title="bbox 442 2934 1609 3570">
     <span class='ocr_line' id='line_1_24' title="bbox 443 2934 1539 2999; baseline -0.002 -10"><span class='ocrx_word' id='word_1_203' title='bbox 443 2938 527 2993; x_wconf 87' lang='lat' dir='ltr'><strong>stolos</strong></span> <span class='ocrx_word' id='word_1_204' title='bbox 553 2954 623 2999; x_wconf 86' lang='lat' dir='ltr'><strong>suos,</strong></span> <span class='ocrx_word' id='word_1_205' title='bbox 639 2946 670 2989; x_wconf 96' lang='lat' dir='ltr'><strong>ut</strong></span> <span class='ocrx_word' id='word_1_206' title='bbox 687 2939 829 2989; x_wconf 85' lang='lat' dir='ltr'><strong>veritatem</strong></span> <span class='ocrx_word' id='word_1_207' title='bbox 847 2938 876 2989; x_wconf 91' lang='lat' dir='ltr'><strong>in</strong></span> <span class='ocrx_word' id='word_1_208' title='bbox 896 2944 984 2987; x_wconf 89' lang='lat' dir='ltr'><strong>totum</strong></span> <span class='ocrx_word' id='word_1_209' title='bbox 1003 2937 1084 2987; x_wconf 81' lang='lat' dir='ltr'><strong>etiem</strong></span> <span class='ocrx_word' id='word_1_210' title='bbox 1104 2943 1190 2988; x_wconf 84' lang='lat' dir='ltr'><strong>terme</strong></span> <span class='ocrx_word' id='word_1_211' title='bbox 1207 2934 1300 2987; x_wconf 86' lang='lat' dir='ltr'><strong>orbem</strong></span> <span class='ocrx_word' id='word_1_212' title='bbox 1321 2935 1539 2999; x_wconf 73' lang='lat' dir='ltr'><strong>disseminarent,</strong></span> 
     </span>
     <span class='ocr_line' id='line_1_25' title="bbox 442 3001 1540 3077; baseline 0.001 -22"><span class='ocrx_word' id='word_1_213' title='bbox 442 3014 555 3074; x_wconf 85' lang='lat' dir='ltr'><strong>propter</strong></span> <span class='ocrx_word' id='word_1_214' title='bbox 572 3008 711 3057; x_wconf 84' lang='lat' dir='ltr'><strong>casitatem</strong></span> <span class='ocrx_word' id='word_1_215' title='bbox 731 3008 784 3069; x_wconf 87' lang='lat' dir='ltr'><strong>dei,</strong></span> <span class='ocrx_word' id='word_1_216' title='bbox 804 3001 954 3075; x_wconf 60' lang='lat' dir='ltr'><strong>quiipsu‘m</strong></span> <span class='ocrx_word' id='word_1_217' title='bbox 973 3007 1091 3070; x_wconf 85' lang='lat' dir='ltr'><strong>miserat,</strong></span> <span class='ocrx_word' id='word_1_218' title='bbox 1110 3015 1138 3057; x_wconf 88' lang='lat' dir='ltr'><strong>et</strong></span> <span class='ocrx_word' id='word_1_219' title='bbox 1156 3015 1267 3077; x_wconf 88' lang='lat' dir='ltr'><strong>propter</strong></span> <span class='ocrx_word' id='word_1_220' title='bbox 1281 3005 1468 3074; x_wconf 75' lang='lat' dir='ltr'><strong>cupiditatem,</strong></span> <span class='ocrx_word' id='word_1_221' title='bbox 1488 3023 1540 3075; x_wconf 85' lang='lat' dir='ltr'><strong>qua</strong></span> 
     </span>
     <span class='ocr_line' id='line_1_26' title="bbox 442 3074 1540 3145; baseline 0 -20"><span class='ocrx_word' id='word_1_222' title='bbox 442 3074 579 3143; x_wconf 80' lang='lat' dir='ltr'><strong>flagrabat,</strong></span> <span class='ocrx_word' id='word_1_223' title='bbox 596 3076 691 3127; x_wconf 83' lang='lat' dir='ltr'><strong>salutis</strong></span> <span class='ocrx_word' id='word_1_224' title='bbox 710 3076 821 3127; x_wconf 81' lang='lat' dir='ltr'><strong>humani</strong></span> <span class='ocrx_word' id='word_1_225' title='bbox 839 3076 954 3144; x_wconf 83' lang='lat' dir='ltr'><strong>generis,</strong></span> <span class='ocrx_word' id='word_1_226' title='bbox 970 3076 1116 3127; x_wconf 88' lang='lat' dir='ltr'><strong>seeundum</strong></span> <span class='ocrx_word' id='word_1_227' title='bbox 1135 3078 1285 3145; x_wconf 83' lang='lat' dir='ltr'><strong>exemplum</strong></span> <span class='ocrx_word' id='word_1_228' title='bbox 1297 3077 1381 3144; x_wconf 91' lang='lat' dir='ltr'><strong>ipsius</strong></span> <span class='ocrx_word' id='word_1_229' title='bbox 1393 3079 1463 3139; x_wconf 85' lang='lat' dir='ltr'><strong>lesu,</strong></span> <span class='ocrx_word' id='word_1_230' title='bbox 1481 3077 1540 3144; x_wconf 90' lang='lat' dir='ltr'><strong>qui,</strong></span> 
     </span>
     <span class='ocr_line' id='line_1_27' title="bbox 443 3143 1539 3216; baseline 0 -19"><span class='ocrx_word' id='word_1_231' title='bbox 443 3162 497 3213; x_wconf 86' lang='lat' dir='ltr'><strong>qua</strong></span> <span class='ocrx_word' id='word_1_232' title='bbox 508 3144 652 3195; x_wconf 83' lang='lat' dir='ltr'><strong>humanam</strong></span> <span class='ocrx_word' id='word_1_233' title='bbox 666 3154 845 3216; x_wconf 73' lang='lat' dir='ltr'><strong>assumpserat</strong></span> <span class='ocrx_word' id='word_1_234' title='bbox 855 3143 988 3209; x_wconf 81' lang='lat' dir='ltr'><strong>naturam,</strong></span> <span class='ocrx_word' id='word_1_235' title='bbox 1002 3163 1050 3214; x_wconf 88' lang='lat' dir='ltr'><strong>pro</strong></span> <span class='ocrx_word' id='word_1_236' title='bbox 1063 3149 1197 3199; x_wconf 86' lang='lat' dir='ltr'><strong>communi</strong></span> <span class='ocrx_word' id='word_1_237' title='bbox 1211 3150 1300 3199; x_wconf 85' lang='lat' dir='ltr'><strong>sniute</strong></span> <span class='ocrx_word' id='word_1_238' title='bbox 1315 3148 1454 3198; x_wconf 89' lang='lat' dir='ltr'><strong>hominum</strong></span> <span class='ocrx_word' id='word_1_239' title='bbox 1466 3148 1539 3198; x_wconf 88' lang='lat' dir='ltr'><strong>uitro</strong></span> 
     </span>
     <span class='ocr_line' id='line_1_28' title="bbox 444 3215 1538 3287; baseline 0.001 -22"><span class='ocrx_word' id='word_1_240' title='bbox 444 3224 581 3268; x_wconf 88' lang='lat' dir='ltr'><strong>emortuus</strong></span> <span class='ocrx_word' id='word_1_241' title='bbox 596 3224 646 3270; x_wconf 86' lang='lat' dir='ltr'><strong>est.</strong></span> <span class='ocrx_word' id='word_1_242' title='bbox 691 3217 728 3267; x_wconf 85' lang='lat' dir='ltr'><strong>sic</strong></span> <span class='ocrx_word' id='word_1_243' title='bbox 757 3234 806 3267; x_wconf 88' lang='lat' dir='ltr'><strong>nos</strong></span> <span class='ocrx_word' id='word_1_244' title='bbox 824 3215 957 3275; x_wconf 83' lang='lat' dir='ltr'><strong>credimus</strong></span> <span class='ocrx_word' id='word_1_245' title='bbox 977 3232 1056 3266; x_wconf 89' lang='lat' dir='ltr'><strong>unum</strong></span> <span class='ocrx_word' id='word_1_246' title='bbox 1076 3218 1106 3269; x_wconf 95' lang='lat' dir='ltr'><strong>in</strong></span> <span class='ocrx_word' id='word_1_247' title='bbox 1131 3217 1217 3269; x_wconf 86' lang='lat' dir='ltr'><strong>tribus</strong></span> <span class='ocrx_word' id='word_1_248' title='bbox 1236 3218 1360 3287; x_wconf 90' lang='lat' dir='ltr'><strong>personis</strong></span> <span class='ocrx_word' id='word_1_249' title='bbox 1380 3218 1469 3278; x_wconf 89' lang='lat' dir='ltr'><strong>deum,</strong></span> <span class='ocrx_word' id='word_1_250' title='bbox 1489 3234 1538 3285; x_wconf 88' lang='lat' dir='ltr'><strong>pa-</strong></span> 
     </span>
     <span class='ocr_line' id='line_1_29' title="bbox 442 3286 1538 3355; baseline 0 -18"><span class='ocrx_word' id='word_1_251' title='bbox 442 3295 510 3337; x_wconf 88' lang='lat' dir='ltr'><strong>trem</strong></span> <span class='ocrx_word' id='word_1_252' title='bbox 529 3286 614 3337; x_wconf 89' lang='lat' dir='ltr'><strong>fllium</strong></span> <span class='ocrx_word' id='word_1_253' title='bbox 632 3294 658 3337; x_wconf 85' lang='lat' dir='ltr'><strong>et</strong></span> <span class='ocrx_word' id='word_1_254' title='bbox 676 3287 798 3355; x_wconf 87' lang='lat' dir='ltr'><strong>spiritum</strong></span> <span class='ocrx_word' id='word_1_255' title='bbox 814 3295 944 3348; x_wconf 84' lang='lat' dir='ltr'><strong>sanctum,</strong></span> <span class='ocrx_word' id='word_1_256' title='bbox 962 3287 1189 3354; x_wconf 78' lang='lat' dir='ltr'><strong>quemadmodum</strong></span> <span class='ocrx_word' id='word_1_257' title='bbox 1208 3288 1334 3339; x_wconf 85' lang='lat' dir='ltr'><strong>dominus</strong></span> <span class='ocrx_word' id='word_1_258' title='bbox 1354 3295 1447 3338; x_wconf 87' lang='lat' dir='ltr'><strong>noster</strong></span> <span class='ocrx_word' id='word_1_259' title='bbox 1464 3288 1538 3338; x_wconf 89' lang='lat' dir='ltr'><strong>iesus</strong></span> 
     </span>
     <span class='ocr_line' id='line_1_30' title="bbox 442 3351 1609 3427; baseline 0 -20"><span class='ocrx_word' id='word_1_260' title='bbox 442 3354 564 3409; x_wconf 87' lang='lat' dir='ltr'><strong>Christus</strong></span> <span class='ocrx_word' id='word_1_261' title='bbox 583 3356 684 3408; x_wconf 84' lang='lat' dir='ltr'><strong>docuit.</strong></span> <span class='ocrx_word' id='word_1_262' title='bbox 722 3364 749 3407; x_wconf 87' lang='lat' dir='ltr'><strong>et</strong></span> <span class='ocrx_word' id='word_1_263' title='bbox 765 3357 830 3427; x_wconf 90' lang='lat' dir='ltr'><strong>quia</strong></span> <span class='ocrx_word' id='word_1_264' title='bbox 849 3373 928 3409; x_wconf 80' lang='lat' dir='ltr'><strong>verax</strong></span> <span class='ocrx_word' id='word_1_265' title='bbox 947 3365 997 3419; x_wconf 83' lang='lat' dir='ltr'><strong>est,</strong></span> <span class='ocrx_word' id='word_1_266' title='bbox 1017 3358 1151 3409; x_wconf 88' lang='lat' dir='ltr'><strong>credimus</strong></span> <span class='ocrx_word' id='word_1_267' title='bbox 1170 3376 1231 3409; x_wconf 88' lang='lat' dir='ltr'><strong>eum</strong></span> <span class='ocrx_word' id='word_1_268' title='bbox 1251 3376 1310 3411; x_wconf 89' lang='lat' dir='ltr'><strong>esse</strong></span> <span class='ocrx_word' id='word_1_269' title='bbox 1334 3358 1419 3427; x_wconf 83' lang='lat' dir='ltr'><strong>ipsam</strong></span> <span class='ocrx_word' id='word_1_270' title='bbox 1437 3359 1538 3409; x_wconf 82' lang='lat' dir='ltr'><strong>verita·</strong></span> <span class='ocrx_word' id='word_1_271' title='bbox 1605 3351 1609 3361; x_wconf 72' lang='lat'>&#39;</span> 
     </span>
     <span class='ocr_line' id='line_1_31' title="bbox 444 3427 1539 3497; baseline 0 -18"><span class='ocrx_word' id='word_1_272' title='bbox 444 3436 507 3479; x_wconf 82' lang='lat' dir='ltr'><strong>lem.</strong></span> <span class='ocrx_word' id='word_1_273' title='bbox 544 3427 671 3496; x_wconf 85' lang='lat' dir='ltr'><strong>discipuli</strong></span> <span class='ocrx_word' id='word_1_274' title='bbox 691 3430 771 3479; x_wconf 86' lang='lat' dir='ltr'><strong>etiam</strong></span> <span class='ocrx_word' id='word_1_275' title='bbox 793 3428 875 3497; x_wconf 82' lang='lat' dir='ltr'><strong>ipsine</strong></span> <span class='ocrx_word' id='word_1_276' title='bbox 895 3428 934 3479; x_wconf 85' lang='lat' dir='ltr'><strong>sic</strong></span> <span class='ocrx_word' id='word_1_277' title='bbox 947 3444 996 3478; x_wconf 91' lang='lat' dir='ltr'><strong>nns</strong></span> <span class='ocrx_word' id='word_1_278' title='bbox 1015 3428 1096 3481; x_wconf 85' lang='lat' dir='ltr'><strong>latius</strong></span> <span class='ocrx_word' id='word_1_279' title='bbox 1117 3429 1278 3482; x_wconf 88' lang='lat' dir='ltr'><strong>docuerunt.</strong></span> <span class='ocrx_word' id='word_1_280' title='bbox 1314 3432 1353 3481; x_wconf 87' lang='lat' dir='ltr'><strong>sic</strong></span> <span class='ocrx_word' id='word_1_281' title='bbox 1371 3445 1404 3479; x_wconf 86' lang='lat' dir='ltr'><strong>ex</strong></span> <span class='ocrx_word' id='word_1_282' title='bbox 1422 3429 1448 3480; x_wconf 82' lang='lat' dir='ltr'><strong>ri</strong></span> <span class='ocrx_word' id='word_1_283' title='bbox 1468 3445 1539 3497; x_wconf 89' lang='lat' dir='ltr'><strong>quo·</strong></span> 
     </span>
     <span class='ocr_line' id='line_1_32' title="bbox 442 3495 1277 3570; baseline -0.002 -20"><span class='ocrx_word' id='word_1_284' title='bbox 442 3515 496 3570; x_wconf 86' lang='lat' dir='ltr'><strong>qus</strong></span> <span class='ocrx_word' id='word_1_285' title='bbox 518 3499 669 3569; x_wconf 84' lang='lat' dir='ltr'><strong>sapientias</strong></span> <span class='ocrx_word' id='word_1_286' title='bbox 687 3499 877 3567; x_wconf 83' lang='lat' dir='ltr'><strong>intelligimus.</strong></span> <span class='ocrx_word' id='word_1_287' title='bbox 934 3520 941 3527; x_wconf 89' lang='lat'>·</span> <span class='ocrx_word' id='word_1_288' title='bbox 1118 3495 1122 3503; x_wconf 61' lang='lat'>⁸</span> <span class='ocrx_word' id='word_1_289' title='bbox 1274 3514 1277 3517; x_wconf 74' lang='grc'><strong><em>’</em></strong></span> 
     </span>
    </p>
   </div>
   <div class='ocr_carea' id='block_1_5' title="bbox 585 3584 1013 3653">
    <p class='ocr_par' dir='ltr' id='par_1_6' title="bbox 585 3584 1013 3653">
     <span class='ocr_line' id='line_1_33' title="bbox 585 3584 1013 3653; baseline -0.009 -16"><span class='ocrx_word' id='word_1_290' title='bbox 585 3616 587 3621; x_wconf 73' lang='lat'>‚</span> <span class='ocrx_word' id='word_1_291' title='bbox 641 3584 777 3637; x_wconf 80' lang='lat' dir='ltr'><strong>Hactenus</strong></span> <span class='ocrx_word' id='word_1_292' title='bbox 796 3591 900 3636; x_wconf 82' lang='lat' dir='ltr'><strong>sextum</strong></span> <span class='ocrx_word' id='word_1_293' title='bbox 923 3591 1013 3653; x_wconf 85' lang='lat' dir='ltr'><strong>caput.</strong></span> 
     </span>
    </p>
   </div>
   <div class='ocr_carea' id='block_1_6' title="bbox 366 3668 1594 4475">
    <p class='ocr_par' dir='ltr' id='par_1_7' title="bbox 421 3668 1539 3954">
     <span class='ocr_line' id='line_1_34' title="bbox 447 3668 1538 3741; baseline -0.004 -18"><span class='ocrx_word' id='word_1_294' title='bbox 447 3736 449 3739; x_wconf 22' lang='grc' dir='ltr'>Ι</span> <span class='ocrx_word' id='word_1_295' title='bbox 530 3671 671 3727; x_wconf 81' lang='lat' dir='ltr'><strong>Credimus</strong></span> <span class='ocrx_word' id='word_1_296' title='bbox 694 3673 783 3741; x_wconf 80' lang='lat' dir='ltr'><strong>logum</strong></span> <span class='ocrx_word' id='word_1_297' title='bbox 813 3672 892 3721; x_wconf 90' lang='lat' dir='ltr'><strong>iilum</strong></span> <span class='ocrx_word' id='word_1_298' title='bbox 919 3670 965 3721; x_wconf 88' lang='lat' dir='ltr'><strong>dei</strong></span> <span class='ocrx_word' id='word_1_299' title='bbox 993 3678 1021 3721; x_wconf 85' lang='lat' dir='ltr'><strong>et</strong></span> <span class='ocrx_word' id='word_1_300' title='bbox 1038 3668 1178 3721; x_wconf 87' lang='lat' dir='ltr'><strong>hominem</strong></span> <span class='ocrx_word' id='word_1_301' title='bbox 1206 3687 1222 3721; x_wconf 87' lang='lat' dir='ltr'><strong>a</strong></span> <span class='ocrx_word' id='word_1_302' title='bbox 1247 3670 1310 3739; x_wconf 78' lang='lat' dir='ltr'><strong>logo</strong></span> <span class='ocrx_word' id='word_1_303' title='bbox 1331 3668 1457 3720; x_wconf 83' lang='lat' dir='ltr'><strong>indutum</strong></span> <span class='ocrx_word' id='word_1_304' title='bbox 1479 3685 1538 3719; x_wconf 88' lang='lat' dir='ltr'><strong>esse</strong></span> 
     </span>
     <span class='ocr_line' id='line_1_35' title="bbox 441 3738 1538 3810; baseline -0.004 -17"><span class='ocrx_word' id='word_1_305' title='bbox 441 3738 585 3794; x_wconf 85' lang='lat' dir='ltr'><strong>Christum.</strong></span> <span class='ocrx_word' id='word_1_306' title='bbox 631 3760 695 3795; x_wconf 86' lang='lat' dir='ltr'><strong>sane</strong></span> <span class='ocrx_word' id='word_1_307' title='bbox 716 3745 771 3795; x_wconf 82' lang='lat' dir='ltr'><strong>vita</strong></span> <span class='ocrx_word' id='word_1_308' title='bbox 789 3740 907 3803; x_wconf 86' lang='lat' dir='ltr'><strong>Christi,</strong></span> <span class='ocrx_word' id='word_1_309' title='bbox 938 3757 1019 3810; x_wconf 87' lang='lat' dir='ltr'><strong>qnam</strong></span> <span class='ocrx_word' id='word_1_310' title='bbox 1038 3742 1067 3793; x_wconf 92' lang='lat' dir='ltr'><strong>in</strong></span> <span class='ocrx_word' id='word_1_311' title='bbox 1094 3758 1174 3792; x_wconf 78' lang='lat' dir='ltr'><strong>carne</strong></span> <span class='ocrx_word' id='word_1_312' title='bbox 1192 3758 1240 3792; x_wconf 87' lang='lat' dir='ltr'><strong>sna</strong></span> <span class='ocrx_word' id='word_1_313' title='bbox 1256 3740 1382 3803; x_wconf 84' lang='lat' dir='ltr'><strong>ducebat,</strong></span> <span class='ocrx_word' id='word_1_314' title='bbox 1403 3748 1464 3791; x_wconf 85' lang='lat' dir='ltr'><strong>erat</strong></span> <span class='ocrx_word' id='word_1_315' title='bbox 1481 3740 1538 3790; x_wconf 89' lang='lat' dir='ltr'><strong>vita</strong></span> 
     </span>
     <span class='ocr_line' id='line_1_36' title="bbox 440 3808 1539 3887; baseline -0.002 -25"><span class='ocrx_word' id='word_1_316' title='bbox 440 3808 556 3865; x_wconf 90' lang='lat' dir='ltr'><strong>hominis</strong></span> <span class='ocrx_word' id='word_1_317' title='bbox 576 3814 718 3887; x_wconf 85' lang='lat' dir='ltr'><strong>piusquam</strong></span> <span class='ocrx_word' id='word_1_318' title='bbox 738 3812 834 3865; x_wconf 86' lang='lat' dir='ltr'><strong>sancti.</strong></span> <span class='ocrx_word' id='word_1_319' title='bbox 870 3811 910 3865; x_wconf 87' lang='lat' dir='ltr'><strong>vis</strong></span> <span class='ocrx_word' id='word_1_320' title='bbox 930 3819 1020 3864; x_wconf 83' lang='lat' dir='ltr'><strong>autem</strong></span> <span class='ocrx_word' id='word_1_321' title='bbox 1037 3812 1186 3882; x_wconf 85' lang='lat' dir='ltr'><strong>sapientiae</strong></span> <span class='ocrx_word' id='word_1_322' title='bbox 1212 3820 1240 3866; x_wconf 84' lang='lat' dir='ltr'><strong>et</strong></span> <span class='ocrx_word' id='word_1_323' title='bbox 1257 3828 1370 3884; x_wconf 87' lang='lat' dir='ltr'><strong>operum</strong></span> <span class='ocrx_word' id='word_1_324' title='bbox 1391 3811 1451 3863; x_wconf 87' lang='lat' dir='ltr'><strong>eius</strong></span> <span class='ocrx_word' id='word_1_325' title='bbox 1480 3817 1539 3862; x_wconf 82' lang='lat' dir='ltr'><strong>erat</strong></span> 
     </span>
     <span class='ocr_line' id='line_1_37' title="bbox 421 3881 975 3954; baseline 0.004 -23"><span class='ocrx_word' id='word_1_326' title='bbox 421 3892 422 3897; x_wconf 76' lang='grc'>’</span> <span class='ocrx_word' id='word_1_327' title='bbox 441 3881 485 3934; x_wconf 85' lang='lat' dir='ltr'><strong>dei</strong></span> <span class='ocrx_word' id='word_1_328' title='bbox 503 3884 635 3954; x_wconf 84' lang='lat' dir='ltr'><strong>potentis.</strong></span> <span class='ocrx_word' id='word_1_329' title='bbox 972 3914 975 3916; x_wconf 20' lang='grc' dir='ltr'><strong>Δ</strong></span> 
     </span>
    </p>

    <p class='ocr_par' dir='ltr' id='par_1_8' title="bbox 624 3971 1034 4040">
     <span class='ocr_line' id='line_1_38' title="bbox 624 3971 1034 4040; baseline -0.01 -17"><span class='ocrx_word' id='word_1_330' title='bbox 624 3972 761 4023; x_wconf 85' lang='lat' dir='ltr'><strong>Hactenus</strong></span> <span class='ocrx_word' id='word_1_331' title='bbox 779 3971 924 4040; x_wconf 86' lang='lat' dir='ltr'><strong>septimum</strong></span> <span class='ocrx_word' id='word_1_332' title='bbox 944 3977 1034 4038; x_wconf 80' lang='lat' dir='ltr'><strong>caput.</strong></span> 
     </span>
    </p>

    <p class='ocr_par' dir='ltr' id='par_1_9' title="bbox 437 4051 1594 4333">
     <span class='ocr_line' id='line_1_39' title="bbox 492 4051 1594 4128; baseline -0.005 -22"><span class='ocrx_word' id='word_1_333' title='bbox 492 4055 640 4119; x_wconf 87' lang='lat' dir='ltr'><strong>Credimus,</strong></span> <span class='ocrx_word' id='word_1_334' title='bbox 657 4056 987 4128; x_wconf 76' lang='lat' dir='ltr'><strong>quemadmodumanima</strong></span> <span class='ocrx_word' id='word_1_335' title='bbox 999 4066 1027 4109; x_wconf 88' lang='lat' dir='ltr'><strong>et</strong></span> <span class='ocrx_word' id='word_1_336' title='bbox 1036 4074 1133 4126; x_wconf 88' lang='lat' dir='ltr'><strong>corpus</strong></span> <span class='ocrx_word' id='word_1_337' title='bbox 1147 4056 1226 4107; x_wconf 78' lang='lat' dir='ltr'><strong>usnius</strong></span> <span class='ocrx_word' id='word_1_338' title='bbox 1237 4052 1355 4105; x_wconf 87' lang='lat' dir='ltr'><strong>hominis</strong></span> <span class='ocrx_word' id='word_1_339' title='bbox 1366 4051 1547 4103; x_wconf 84' lang='lat' dir='ltr'><strong>constituunt.</strong></span> <span class='ocrx_word' id='word_1_340' title='bbox 1584 4109 1594 4124; x_wconf 41' lang='grc' dir='ltr'><strong><em>Ι</em></strong></span> 
     </span>
     <span class='ocr_line' id='line_1_40' title="bbox 437 4122 1537 4196; baseline -0.002 -23"><span class='ocrx_word' id='word_1_341' title='bbox 437 4137 523 4175; x_wconf 90' lang='lat' dir='ltr'><strong>unum</strong></span> <span class='ocrx_word' id='word_1_342' title='bbox 544 4126 696 4190; x_wconf 87' lang='lat' dir='ltr'><strong>hominem,</strong></span> <span class='ocrx_word' id='word_1_343' title='bbox 717 4131 754 4181; x_wconf 88' lang='lat' dir='ltr'><strong>ita</strong></span> <span class='ocrx_word' id='word_1_344' title='bbox 777 4129 866 4195; x_wconf 75' lang='lat' dir='ltr'><strong>logum</strong></span> <span class='ocrx_word' id='word_1_345' title='bbox 886 4128 930 4178; x_wconf 90' lang='lat' dir='ltr'><strong>dei</strong></span> <span class='ocrx_word' id='word_1_346' title='bbox 950 4129 984 4177; x_wconf 89' lang='lat' dir='ltr'><strong>ab</strong></span> <span class='ocrx_word' id='word_1_347' title='bbox 1003 4145 1055 4179; x_wconf 86' lang='lat' dir='ltr'><strong>una</strong></span> <span class='ocrx_word' id='word_1_348' title='bbox 1078 4134 1164 4196; x_wconf 84' lang='lat' dir='ltr'><strong>parte,</strong></span> <span class='ocrx_word' id='word_1_349' title='bbox 1181 4125 1215 4175; x_wconf 80' lang='lat' dir='ltr'><strong>ab</strong></span> <span class='ocrx_word' id='word_1_350' title='bbox 1233 4124 1317 4176; x_wconf 82' lang='lat' dir='ltr'><strong>sltem</strong></span> <span class='ocrx_word' id='word_1_351' title='bbox 1336 4140 1399 4175; x_wconf 82' lang='lat' dir='ltr'><strong>vero</strong></span> <span class='ocrx_word' id='word_1_352' title='bbox 1418 4122 1537 4173; x_wconf 79' lang='lat' dir='ltr'><strong>animam</strong></span> 
     </span>
     <span class='ocr_line' id='line_1_41' title="bbox 439 4192 1535 4268; baseline -0.001 -25"><span class='ocrx_word' id='word_1_353' title='bbox 439 4200 468 4243; x_wconf 82' lang='lat' dir='ltr'><strong>et</strong></span> <span class='ocrx_word' id='word_1_354' title='bbox 486 4210 582 4263; x_wconf 83' lang='lat' dir='ltr'><strong>corpus</strong></span> <span class='ocrx_word' id='word_1_355' title='bbox 604 4213 661 4247; x_wconf 88' lang='lat' dir='ltr'><strong>esse</strong></span> <span class='ocrx_word' id='word_1_356' title='bbox 680 4208 811 4268; x_wconf 84' lang='lat' dir='ltr'><strong>perpetuo</strong></span> <span class='ocrx_word' id='word_1_357' title='bbox 831 4200 899 4250; x_wconf 86' lang='lat' dir='ltr'><strong>duas</strong></span> <span class='ocrx_word' id='word_1_358' title='bbox 917 4208 1028 4250; x_wconf 77' lang='lat' dir='ltr'><strong>naturas</strong></span> <span class='ocrx_word' id='word_1_359' title='bbox 1046 4198 1166 4267; x_wconf 81' lang='lat' dir='ltr'><strong>perfecte</strong></span> <span class='ocrx_word' id='word_1_360' title='bbox 1179 4194 1276 4245; x_wconf 83' lang='lat' dir='ltr'><strong>divisas</strong></span> <span class='ocrx_word' id='word_1_361' title='bbox 1295 4194 1322 4244; x_wconf 93' lang='lat' dir='ltr'><strong>in</strong></span> <span class='ocrx_word' id='word_1_362' title='bbox 1342 4210 1396 4245; x_wconf 91' lang='lat' dir='ltr'><strong>uno</strong></span> <span class='ocrx_word' id='word_1_363' title='bbox 1414 4192 1535 4243; x_wconf 89' lang='lat' dir='ltr'><strong>homine.</strong></span> 
     </span>
     <span class='ocr_line' id='line_1_42' title="bbox 439 4263 1535 4333; baseline 0 -20"><span class='ocrx_word' id='word_1_364' title='bbox 439 4263 478 4313; x_wconf 86' lang='lat' dir='ltr'><strong>sic</strong></span> <span class='ocrx_word' id='word_1_365' title='bbox 499 4272 526 4315; x_wconf 87' lang='lat' dir='ltr'><strong>et</strong></span> <span class='ocrx_word' id='word_1_366' title='bbox 544 4266 697 4317; x_wconf 87' lang='lat' dir='ltr'><strong>humanitas</strong></span> <span class='ocrx_word' id='word_1_367' title='bbox 725 4279 753 4320; x_wconf 89' lang='lat' dir='ltr'><strong>et</strong></span> <span class='ocrx_word' id='word_1_368' title='bbox 774 4268 900 4321; x_wconf 86' lang='lat' dir='ltr'><strong>divinitas</strong></span> <span class='ocrx_word' id='word_1_369' title='bbox 927 4278 989 4320; x_wconf 88' lang='lat' dir='ltr'><strong>sunt</strong></span> <span class='ocrx_word' id='word_1_370' title='bbox 1017 4269 1047 4319; x_wconf 94' lang='lat' dir='ltr'><strong>in</strong></span> <span class='ocrx_word' id='word_1_371' title='bbox 1078 4285 1132 4318; x_wconf 94' lang='lat' dir='ltr'><strong>uno</strong></span> <span class='ocrx_word' id='word_1_372' title='bbox 1154 4264 1261 4316; x_wconf 89' lang='lat' dir='ltr'><strong>Christo</strong></span> <span class='ocrx_word' id='word_1_373' title='bbox 1281 4273 1393 4315; x_wconf 86' lang='lat' dir='ltr'><strong>naturae</strong></span> <span class='ocrx_word' id='word_1_374' title='bbox 1414 4264 1535 4333; x_wconf 82' lang='lat' dir='ltr'><strong>perfecte</strong></span> 
     </span>
    </p>

    <p class='ocr_par' dir='ltr' id='par_1_10' title="bbox 366 4333 1535 4475">
     <span class='ocr_line' id='line_1_43' title="bbox 366 4333 1535 4407; baseline 0.002 -26"><span class='ocrx_word' id='word_1_375' title='bbox 366 4378 367 4381; x_wconf 75' lang='grc'><em>,</em></span> <span class='ocrx_word' id='word_1_376' title='bbox 439 4333 548 4396; x_wconf 83' lang='lat' dir='ltr'><strong>divisae,</strong></span> <span class='ocrx_word' id='word_1_377' title='bbox 568 4342 670 4386; x_wconf 80' lang='lat' dir='ltr'><strong>santum</strong></span> <span class='ocrx_word' id='word_1_378' title='bbox 691 4337 830 4406; x_wconf 83' lang='lat' dir='ltr'><strong>hypostasi</strong></span> <span class='ocrx_word' id='word_1_379' title='bbox 853 4348 880 4390; x_wconf 94' lang='lat' dir='ltr'><strong>et</strong></span> <span class='ocrx_word' id='word_1_380' title='bbox 906 4336 1280 4407; x_wconf 70' lang='lat' dir='ltr'><strong>perso&#39;naiitercoadunatae.</strong></span> <span class='ocrx_word' id='word_1_381' title='bbox 1326 4352 1357 4386; x_wconf 84' lang='lat' dir='ltr'><strong>ac</strong></span> <span class='ocrx_word' id='word_1_382' title='bbox 1382 4351 1471 4403; x_wconf 89' lang='lat' dir='ltr'><strong>neque</strong></span> <span class='ocrx_word' id='word_1_383' title='bbox 1491 4334 1535 4383; x_wconf 90' lang='lat' dir='ltr'><strong>io·</strong></span> 
     </span>
     <span class='ocr_line' id='line_1_44' title="bbox 438 4405 1535 4475; baseline -0.003 -18"><span class='ocrx_word' id='word_1_384' title='bbox 438 4422 486 4474; x_wconf 73' lang='lat' dir='ltr'><strong>gns</strong></span> <span class='ocrx_word' id='word_1_385' title='bbox 505 4405 549 4457; x_wconf 88' lang='lat' dir='ltr'><strong>dei</strong></span> <span class='ocrx_word' id='word_1_386' title='bbox 567 4412 686 4457; x_wconf 79' lang='lat' dir='ltr'><strong>mutatus</strong></span> <span class='ocrx_word' id='word_1_387' title='bbox 716 4416 757 4459; x_wconf 88' lang='lat' dir='ltr'><strong>est</strong></span> <span class='ocrx_word' id='word_1_388' title='bbox 785 4409 812 4459; x_wconf 90' lang='lat' dir='ltr'><strong>in</strong></span> <span class='ocrx_word' id='word_1_389' title='bbox 833 4424 938 4462; x_wconf 86' lang='lat' dir='ltr'><strong>caruem</strong></span> <span class='ocrx_word' id='word_1_390' title='bbox 960 4416 1007 4459; x_wconf 83' lang='lat' dir='ltr'><strong>aut</strong></span> <span class='ocrx_word' id='word_1_391' title='bbox 1037 4409 1065 4459; x_wconf 91' lang='lat' dir='ltr'><strong>in</strong></span> <span class='ocrx_word' id='word_1_392' title='bbox 1084 4408 1201 4460; x_wconf 80' lang='lat' dir='ltr'><strong>unimam</strong></span> <span class='ocrx_word' id='word_1_393' title='bbox 1221 4406 1339 4470; x_wconf 85' lang='lat' dir='ltr'><strong>Christi,</strong></span> <span class='ocrx_word' id='word_1_394' title='bbox 1361 4422 1451 4475; x_wconf 87' lang='lat' dir='ltr'><strong>neque</strong></span> <span class='ocrx_word' id='word_1_395' title='bbox 1471 4421 1535 4455; x_wconf 78' lang='lat' dir='ltr'><strong>cero</strong></span> 
     </span>
    </p>
   </div>
   <div class='ocr_carea' id='block_1_7' title="bbox 0 0 1850 5350">
    <p class='ocr_par' dir='ltr' id='par_1_11' title="bbox 0 0 1850 5350">
     <span class='ocr_line' id='line_1_45' title="bbox 0 0 1850 5350; baseline 0 0"><span class='ocrx_word' id='word_1_396' title='bbox 0 0 1850 5350; x_wconf 95' lang='lat' dir='ltr'><strong> </strong></span> 
     </span>
    </p>
   </div>
  </div>
 </body>
</html>
