3692 5350
462 586 538 673 ult
689 578 692 584 ’
832 602 887 679 ou
917 602 1051 708 'nunus
1081 602 1191 675 uum

462 763 656 852 ἀφανισμόν.
708 763 810 828 ταῦτα
840 764 876 829 δέ
902 762 1161 850 ,ιῖτιοφασιλταντες
1191 759 1320 843 ἔκλεξαν
1348 767 1404 829 καί
1424 760 1568 829 ἔστειλαν

461 862 543 951 πρὸς
562 860 616 929 τὸν
641 861 781 948 Μουροὶτ
808 855 928 946 ὅνδρας
950 867 1073 945 λογίους
1105 864 1160 929 κατ’
1179 867 1371 950 φρονίμους,
1394 862 1596 947 παραγγειί“

463 972 574 1041 λαντες
597 962 634 1029 νοὶ
655 961 711 1030 τὸν
732 969 937 1051 ιιροσφέρουν
960 965 1017 1031 τοῦ
1037 959 1175 1047 κοὶοτρου
1199 962 1238 1028 τά
1263 966 1410 1046 κλειδία,
1433 959 1473 1036 σ’ίν
1495 960 1570 1038 τούς

464 1064 549 1156 coion
572 1070 613 1147 με
633 1056 872 1150 χρυοίβουλλον
897 1058 958 1131 ὅσοι
979 1062 1033 1129 τὸν
1061 1066 1245 1151 ζητήσωσιν.
1289 1055 1378 1129 οὗτοι
1402 1058 1437 1129 δὲ
1459 1065 1569 1129 ἐλθόν-

463 1192 515 1245 τες
537 1171 584 1243 εἰς
608 1167 840 1250 Θεσσαλονίκην
861 1157 956 1249 εὗρον
989 1164 1042 1231 τὸν
1062 1169 1195 1247 βασιλέα
1218 1164 1278 1245 ἕλξω
1301 1174 1357 1251 τῆς
1381 1165 1499 1241 πόλεως
1524 1164 1592 1239 etro

372 1334 375 1340 ,
463 1266 560 1335 τόπον
580 1263 668 1342 ὅστις
689 1266 806 1332 Klotz*
826 1268 914 1351 τιόρα
937 1269 1075 1351 λέγεται·
1108 1266 1162 1331 καί
1182 1270 1250 1332 ἐκεῖ
1266 1263 1488 1341 τελειώσαντες
1511 1264 1570 1341 τοὶς

348 1677 351 1681 ’
377 1730 379 1733 .
464 1669 579 1745 ἐκεῖνος
602 1671 621 1733 οἷ

462 1368 652 1455 συμφωνίας
673 1364 796 1433 ἔδαισαν
818 1371 874 1432 καί
893 1366 1007 1451 ἔλαβον
1027 1362 1152 1453 ὅρκους,
1178 1369 1233 1451 καί
1247 1367 1411 1450 δεχθέντες
1432 1365 1469 1431 τὸ
1492 1364 1570 1450 χοὶτι

462 1476 573 1557 σερίφε
609 1471 800 1553 παρέδωσαν
828 1471 873 1544 εἰς
907 1469 1020 1553 χεῖράς
1040 1491 1098 1533 του
1128 1467 1165 1533 τὰ
1193 1471 1334 1550 κλειδία,
1357 1470 1412 1534 καί
1430 1471 1570 1551 βασιλέα

453 1575 520 1637 τοῦ
547 1570 627 1635 κοίστ
650 1593 687 1633 ου
718 1569 816 1634 αὐτὸν
849 1567 1095 1654 ἒπροσκύνησαν.
1152 1572 1207 1635 κατ’
1238 1566 1290 1634 διὰ
1318 1570 1409 1635 τοῦτο
1432 1566 1449 1631 ὅ
1473 1565 1571 1643 τόπος

622 1596 663 1737 ἕν’
687 1671 759 1735 τότε
782 1670 956 1756 ω’νομάσθη
984 1656 1116 1737 Κλειέί.ἱ
1579 1682 1605 1739 10

557 1770 594 1837 O
615 1774 651 1836 rie
670 1770 822 1853 βασιλευς.
848 1768 987 1837 ἔστειλεν
1008 1771 1108 1848 εὐθυς
1137 1771 1218 1855 μετὰ
1241 1775 1318 1838 ταῖν
1324 1776 1491 1895 πρέσβειον
1514 1772 1569 1834 δε·

463 1873 586 1938 καοκτώ
605 1872 772 1958 Τούρκους,
794 1872 832 1937 voi
854 1870 1062 1991 ποραλιίβουν
1082 1873 1116 1938 τὸ
1139 1876 1273 1958 κοίστρον
1294 1900 1347 1939 και
1370 1872 1408 1938 νοὶ
1431 1875 1570 1957 οτησοον

408 1959 423 1993 ”
464 1973 520 2039 tut
545 1975 663 2050 παντὸς
692 1998 738 2049 εις
768 1974 929 2040 Ἰωοὶννινοι
959 1973 1015 2057 τήν
1045 1974 1207 2040 κατοικιοιν
1227 2001 1300 2039 των.
1346 1964 1435 2071 ουτοι
1459 1970 1530 2037 δὲ’
1515 1998 1568 2089 εμ-

465 2076 594 2159 βάντες
601 2100 645 2150 εις
669 2073 703 2139 τὸ
729 2099 866 2159 καστρον
901 2078 1054 2160 ἐζήτησαν
1081 2074 1120 2141 νοὶ
1145 2074 1258 2158 ῥηξοον
1282 2078 1326 2151 εις
1346 2064 1455 2159 χαράν
1477 2072 1568 2139 κανό-

465 2202 528 2258 νια,
550 2174 656 2242 ἔπειτα
680 2175 717 2241 vri
737 2174 902 2259 χαλᾷσουν
932 2178 987 2262 την
1008 2180 1153 2260 κειμένην
1184 2179 1231 2259 εἷς
1249 2177 1323 2252 τούς
1346 2174 1487 2259 πύργους
1511 2177 1604 2241 coriti

464 2274 605 2359 κάστρου
630 2280 796 2361 ἐκκλησίαν
815 2280 871 2342 τοῦ
893 2275 1147 2363 ἀρχιστρατήγου
1171 2276 1330 2361 Μιχαὴλ·
1350 2274 1459 2342 ἔπειτα
1481 2278 1568 2355 ἐξελ-

465 2375 617 2454 θόντες
597 2381 723 2462 οττῆγοιν
746 2404 798 2443 κοιι
831 2376 959 2443 ἔκτισαν
983 2377 1098 2464 σπη’τιοι
1122 2383 1167 2456 εἰς
1196 2378 1230 2444 τὸ
1252 2382 1347 2465 μέρος
1371 2384 1427 2464 τῆς
1447 2376 1568 2454 πόλεως

452 2478 501 2545 ’τὸ
523 2480 758 2599 ὀνομαζόμενον
791 2479 879 2567 τοτ’ρα
905 2479 1249 2563 Τουρκοκάλουκον,”
1231 2504 1312 2545 ouon
1335 2481 1390 2545 καί
1410 2483 1568 2567 έκατοί-κη

465 2604 527 2646 σαν
542 2579 627 2645 κατὰ
647 2606 703 2701 την
722 2573 893 2665 συνθήκην.
937 2579 1093 2665 ε’ζητησαν
1117 2584 1152 2647 δὲ
1174 2581 1212 2646 voi
1239 2582 1360 2663 λοίβουν
1381 2607 1432 2646 και
1455 2588 1567 2664 γυναῖ-

465 2708 523 2758 κας
547 2682 609 2748 κίιὸ
634 2708 692 2760 τας
709 2686 892 2768 θυγατέρας
912 2687 977 2749 τοῖν
999 2688 1219 2767 Χριστιανῶν·
1265 2681 1345 2748 altri
1367 2684 1492 2764 κοῖμμία
1516 2684 1611 2757 term,

409 2834 412 2839 ,
466 2782 543 2858 τούς
566 2787 703 2866 ἐδέχετο.
747 2778 830 2851 οὕτω
854 2788 889 2851 δὲ
911 2783 1146 2868 αἰιοβληθέντες
1168 2781 1312 2869 ἔγραψαν
1331 2781 1412 2867 τιρός
1432 2781 1488 2847 τὸν
1509 2787 1567 2865 βα-

466 2888 557 2950 σιλέα
582 2911 664 2972 των,
697 2879 788 2961 ,ὅστις
818 2883 956 2950 ἔστειλεν
979 2883 1079 2960 stiriis
1112 2879 1280 2970 ἄνθρωπον
1300 2887 1333 2966 μ’
1351 2887 1500 2962 ἐξουσίαν
1516 2884 1570 2947 καί

465 2986 596 3068 γράμμα
626 2985 790 3068 βασιλικὸν
823 2980 869 3050 voi
893 2987 1013 3068 λα’βουν
1041 2986 1072 3051 oi
1098 2990 1233 3070 Τοῦρκοι
1264 2987 1311 3064 εἰς
1332 2985 1486 3069 γυναῖκάς
1506 3007 1567 3049 ταν

467 3085 530 3151 ἀπὸ
555 3085 613 3166 τοὶς.
625 3089 803 3172 θυγατέρας
821 3089 885 3152 τῶν
896 3089 1112 3171 Χριστιανῶν,
1141 3084 1235 3153 ὅσοισι
1248 3086 1303 3153 τὸν
1316 3092 1435 3153 καθένα
1457 3088 1566 3175 α’ρέση.
1626 3137 1628 3142 .

467 3381 496 3430 el
513 3375 646 3427 miserunt
670 3374 704 3425 ad
724 3345 859 3426 Moratum
877 3374 949 3426 viros
966 3373 1114 3444 prudentes
1145 3383 1173 3428 et
1191 3376 1342 3446 sapientes,
1370 3391 1417 3427 eos
1439 3371 1565 3429 iubentes

467 3450 561 3498 all'erre
582 3447 606 3498 ei
625 3446 730 3498 castelli
749 3448 855 3508 claves,
882 3447 903 3497 si
922 3447 960 3498 eir
980 3463 1060 3498 aurea
1078 3447 1155 3498 bulla
1175 3447 1354 3506 concederet.
1383 3463 1454 3518 quoe
1477 3447 1511 3498 ab
1533 3465 1564 3499 eo

467 3526 607 3589 peterent3
634 3519 681 3588 qui
703 3534 762 3570 cum
782 3517 1003 3569 Thessalonicam
1023 3520 1174 3582 venissent,
1205 3535 1293 3586 regern
1321 3526 1395 3569 extra
1425 3518 1545 3570 urbem'
1538 3537 1565 3570 ru
1614 3587 1615 3590 Ἴ

467 3607 578 3659 regione
598 3589 715 3660 quadarn
737 3597 914 3660 repererunt,
935 3607 1003 3659 quae
1023 3589 1106 3641 hodre
1124 3600 1235 3642 vocatur
1255 3591 1346 3642 Κλειὼ
1366 3591 1492 3658 (clavis)
1513 3591 1565 3642 lbi·

418 3698 420 3707 .
469 3679 523 3732 que
543 3663 670 3730 pactione
689 3661 812 3712 confecta
832 3662 912 3713 fidem
934 3661 1069 3717 dederunt
1087 3671 1114 3713 et
1130 3670 1300 3731 acceperuut,
1322 3671 1350 3713 et
1368 3669 1481 3730 accepto
1494 3664 1564 3712 Cha-

395 3776 398 3783 .
468 3735 573 3785 tiserilo
593 3734 623 3802 (i.
634 3751 657 3784 e.
677 3733 769 3785 tabula
790 3735 873 3803 regia)
893 3735 951 3784 eius
971 3735 1100 3784 manibus
1115 3734 1202 3784 claves
1223 3733 1408 3801 tradiderunt,
1428 3742 1458 3785 et
1478 3749 1573 3802 regem·

387 3869 392 3873 ,
469 3807 550 3857 arcis
558 3822 618 3856 eum
641 3805 809 3866 salutarunt,
837 3814 865 3857 et
888 3812 1032 3875 propterea
1060 3805 1135 3857 locus
1161 3805 1208 3856 ille
1234 3804 1297 3857 inde
1319 3805 1420 3856 abillo
1444 3814 1564 3875 ternpore

466 3886 578 3930 vocatus
598 3885 650 3929 est
659 3877 750 3927 Kleidi
773 3842 889 3945 (clavis).

569 3950 622 4000 Rex
648 3957 739 3999 autem
766 3965 825 3999 curu
851 3950 947 4015 legatis
972 3948 1161 4016 duodeviginti
1181 3949 1279 3999 Turcar
1307 3950 1396 3999 statim
1421 3949 1511 4012 misit,
1537 3956 1566 3999 ut

471 4021 611 4072 castellum
633 4021 793 4088 reciperent,
815 4029 842 4071 et
863 4021 974 4072 omnino
987 4021 1133 4070 loauuinae
1148 4020 1282 4070 domicilia
1297 4037 1343 4070 suo
1359 4021 1565 4071 constituerent.

468 4090 496 4142 hi
518 4101 609 4142 autem
626 4092 739 4158 ingressi
758 4091 898 4143 castellum
914 4094 1096 4160 postularunt,
1116 4099 1145 4144 ut
1164 4091 1197 4141 ad
1216 4091 1345 4143 laetitiam
1362 4087 1565 4159 significandam

467 4169 601 4214 tormenta
623 4163 722 4215 bellica
742 4165 888 4228 solverent,
908 4164 1006 4215 ‹leinrle
1026 4172 1057 4215 ut
1077 4164 1215 4214 ecclesiam
1238 4165 1333 4214 summi
1355 4163 1431 4214 ducis
1445 4163 1565 4214 Michae-

467 4233 502 4283 lis
521 4243 688 4293 everterent
708 4252 776 4304 quoe
797 4237 867 4286 inter
887 4245 973 4287 turres
994 4235 1098 4286 castelli
1118 4237 1168 4286 sito
1189 4243 1259 4300 erat,
1283 4235 1383 4286 deiude
1403 4238 1506 4302 egressi
1524 4251 1565 4286 se·

468 4314 606 4356 cesserunt
625 4314 653 4357 et
672 4306 765 4357 domos
784 4307 985 4358 aedificarunt·
979 4324 1007 4358 rn
1027 4309 1136 4374 regione
1157 4307 1240 4366 urbis,
1259 4324 1328 4376 quae
1348 4323 1420 4357 nunc
1439 4308 1564 4358 nomina·

467 4377 768 4446 λυτΤυτεοραΙυευισ,
775 4378 822 4433 ubi
845 4380 925 4429 etium
945 4396 978 4430 ex
996 4377 1255 4448 pactolmbitarunt.
1277 4379 1452 4446 postularunt
1476 4381 1566 4438 etiarn,

374 4461 389 4486 ν
418 4483 422 4489 .
467 4455 500 4499 ut
518 4447 644 4499 mulieres
663 4464 696 4499 ex
715 4434 823 4501 filiabus
844 4449 1081 4501 Christianorum
1074 4466 1102 4501 ru
1122 4450 1322 4502 matrimonium
1341 4449 1488 4512 ducerent,
1518 4447 1566 4501 sed

468 4519 544 4581 nulla
565 4535 611 4572 eor
638 4520 841 4592 accepitne
869 4522 961 4585 reiecti
987 4521 1020 4574 ad
1040 4537 1127 4590 regem
1147 4538 1224 4576 suurn
1244 4523 1422 4593 scripserunt,
1447 4523 1494 4594 qui
1515 4521 1566 4574 bo-
