3692 5350
435 588 482 659 os
667 541 670 552 ’
882 588 1076 652 numan

434 741 506 806 υἱόν
527 738 554 805 ui
579 742 612 804 ἐν
631 741 712 802 τέλει
735 735 789 800 καί
812 739 848 814 ,οἱ
870 742 1045 820 βεζίριδες,
1079 733 1192 854 α’χρίὸες
1214 736 1269 797 καί
1287 737 1406 850 πλῆθος
1431 739 1531 815 λαοῦ,

434 864 550 924 ηγαγον
579 836 659 919 πρὸς
682 835 733 900 τὸν
763 840 881 920 πατέρα
902 837 1020 916 αὑτοῦ,
1043 835 1097 899 καί
1114 832 1325 917 ε’προσκὺνησε
1347 836 1401 895 καί
1426 835 1531 916 η’σιιοὶ·

434 963 510 1004 σατο
534 936 591 1021 τήν
612 944 706 1058 χεῖρα
729 938 839 1030 αὐτοῦ,
861 935 915 998 καί
937 959 1021 998 ουτω
1043 935 1098 996 καί
1114 957 1210 1013 uxor,
1234 930 1278 1004 ὥς
1296 930 1430 1014 εἴρηται,
1455 933 1532 994 ‹iva-

432 1038 559 1153 χώρησε
578 1041 631 1120 τῆς
654 1023 830 1119 ἡγεμονίας
874 1059 889 1097 ο
880 1033 1011 1117 ‘pipam
1032 1036 1067 1097 δὲ
1088 1034 1278 1110 ἐξελθών
1240 1057 1295 1114 της
1315 1029 1474 1107 πόλεως’
1458 1057 1532 1096 επο-

436 1163 546 1220 ρευετο
568 1136 643 1219 πρὸς
675 1135 709 1199 τὸ
740 1133 973 1214 Διδνμὸτειχον
1010 1132 1044 1198 ari
1069 1131 1149 1214 πρὸς
1178 1131 1451 1216 Ἀδριανοιίπολιν.
1497 1137 1557 1203 ivs

374 1259 376 1266 ’
436 1241 471 1302 δὲ
492 1239 534 1324 τῷ
556 1234 749 1318 πορεύεσθαι
771 1234 853 1314 μετὰ
885 1230 982 1296 εἴκοσι
1006 1232 1125 1314 ἡμέρας
1147 1228 1343 1314 ἐτελεύτησε,
1376 1234 1431 1296 καί
1452 1230 1532 1319 ἔφι-

349 1393 350 1402 ,
435 1361 491 1418 ρον
512 1335 566 1400 triv
590 1334 699 1417 νεκρὸν
720 1334 818 1396 autori
839 1328 872 1394 ἐν
894 1338 934 1417 τῇ
948 1331 1036 1394 πόλει
1059 1334 1114 1394 καί
1129 1329 1258 1411 ἔθαψαν
1272 1329 1305 1394 ἐν
1325 1332 1367 1418 τῷ
1388 1331 1440 1395 ὑπ’
1468 1333 1533 1395 ατί-

434 1438 492 1498 τοῦ
513 1436 710 1514 &repetetur
736 1433 802 1518 ναῷ
835 1427 853 1491 r‘i
875 1433 1018 1511 λέγουσιν
1044 1427 1232 1513 Ἰμαρέτιον.
1275 1433 1472 1516 διεφημίσθη
1495 1431 1531 1494 δὲ

434 1527 479 1595 ὅτι
502 1530 518 1594 ὁ
540 1535 570 1596 Γ
569 1529 797 1602 ιανουσιιασιᾶς
816 1526 1047 1614 ἐφαρμάκωσεν
1078 1527 1187 1593 aduris·
1239 1530 1309 1593 atu
1331 1529 1389 1592 οιίκ
1412 1521 1461 1612 η’ν,
1485 1524 1532 1591 οἶ.

433 1657 503 1712 μαι,
525 1634 677 1710 τοιοῦτον,
696 1630 764 1692 ἀλλ’
786 1628 848 1694 τίπό
875 1629 975 1712 λύπης
997 1629 1159 1712 διιρροίχη.
1203 1632 1370 1708 διεπέρασε
1392 1628 1451 1710 γὰρ
1475 1626 1575 1711 τὴνίο

435 1730 518 1811 ζωην
541 1731 640 1794 αὐτοῦ
662 1731 695 1792 ἐν
716 1726 801 1813 πάσῃ
823 1729 965 1815 εὐτυχίᾳ,
988 1733 1042 1792 καί
1063 1731 1219 1844 δυστυχίᾳ
1242 1726 1346 1792 πεσοΐν
1367 1725 1425 1791 οὐκ
1445 1729 1527 1812 ἤὸυ.

426 1827 517 1913 ινὴθη
541 1831 660 1912 φέρειν.
709 1822 749 1910 ἧν
780 1831 832 1911 δὲ,
854 1827 897 1902 ὦς
918 1825 1040 1912 ἔλεγον,
1060 1825 1457 1943 ταπεινόρρωνοίρηνικός
1479 1831 1529 1890 δι’..
1594 1872 1596 1877 -

436 1951 522 2003 καιος
547 1930 715 2008 nataae
700 1917 797 2004 ὲξῶν
830 1929 884 1990 καί
905 1923 935 1989 οἱ
956 1929 1134 2048 γενίτζαροι
1161 1925 1206 2008 μη
1227 1923 1466 2006 ταπεινούμενοι
1489 1925 1531 2001 ὥς

393 2035 427 2087 39
436 2025 511 2107 εδει,
532 2026 713 2101 πολίταις’
698 2029 901 2102 εοτασίασαν,
923 2025 977 2089 καί
998 2029 1039 2089 ου’
1058 2025 1154 2107 μόνον
1185 2027 1286 2099 οἰκίας
1303 2025 1456 2107 Ἑβραίων
1478 2026 1533 2088 καί

437 2129 652 2208 Χριστιανῶν
662 2121 741 2188 α’λλυὶ
767 2115 821 2188 καί
847 2124 993 2206 Toripuwv
1013 2125 1069 2189 καί
1087 2126 1194 2188 arianis
1208 2124 1374 2188 παστάδων
1395 2123 1531 2191 κατεποί-
1518 2139 1576 2189 -15

434 2251 550 2309 τησαν,
585 2249 636 2287 και
633 2222 837 2306 διίρπασαν
866 2222 967 2287 πάντα
986 2223 1038 2288 τὰ
1068 2226 1102 2288 ἐν
1135 2226 1250 2298 αὐτοῖς.
1300 2230 1391 2308 φιλεῖ
1408 2222 1468 2341 γαρ
1492 2224 1531 2288 τὰ

437 2331 570 2390 τοιαῦτα
597 2327 741 2404 γίνεσθαι
770 2325 844 2405 παρ’
874 2324 982 2387 αυτιόν
1010 2326 1169 2417 ου’θένιου
1196 2320 1344 2405 τυχόντες
1374 2322 1532 2388 τοιούτου.

386 2415 389 2420 ’
521 2421 741 2542 Ποιησαντος
741 2420 843 2486 τοίνυν
865 2426 924 2486 τοῦ
946 2413 1056 2540 κυρίου
1073 2427 1242 2487 Διονυσίου
1264 2427 1468 2505 παραίτησιν,
1491 2422 1535 2496 ὡς

436 2523 576 2604 εἴπομεν,
592 2520 709 2604 ἐγένετο
725 2547 739 2584 σ
754 2525 880 2646 Σερρῶν
892 2525 1088 2607 πατριάρχης
1104 2547 1119 2586 ο
1110 2517 1369 2604 ιΜανασσῆς,ιλ
1350 2529 1385 2596 ος
1398 2545 1535 2610 μετῳνο-

436 2623 545 2709 patos,
555 2621 712 2703 Μάξιμος,
723 2623 777 2689 καί
787 2648 824 2707 ην
839 2619 1006 2741 αγιρρίτης.
1020 2647 1089 2705 περι
1104 2645 1141 2686 ου
1129 2615 1411 2744 ίιεφημίσθησαν
1422 2620 1534 2704 πολλά,
1542 2635 1578 2689 20

438 2721 616 2797 ου’δενὸς
581 2749 639 2807 την
659 2724 811 2805 ἀλήθειαν
826 2722 1026 2806 γινώσκοντος
1040 2720 1119 2807 πλην
1133 2729 1189 2787 του
1176 2724 1293 2785 θεοῦ
1335 2717 1481 2805 ἐποίησεν
1501 2723 1536 2786 ἐν

440 2956 581 3014 matutino,
601 2971 734 3023 proceres,
755 2954 837 3016 visiri,
856 2952 927 3019 Agae
948 2961 975 3003 et
992 2953 1138 3003 multitudo
1156 2954 1251 3024 populi
1277 2954 1427 3021 promiscua
1448 2947 1533 3003 filium

441 3025 613 3075 deduxerunt
630 3025 664 3074 ad
685 3032 796 3092 patrem.
833 3025 971 3073 summisse
990 3026 1038 3074 itte
1059 3023 1123 3074 huie
1143 3026 1319 3074 reverentiam
1336 3023 1455 3084 exhibet,
1475 3040 1534 3073 ma-

441 3112 506 3145 num
527 3094 585 3143 eius
606 3094 750 3144 osculatur.
788 3094 840 3143 hoc
857 3094 948 3154 modo,
966 3104 1073 3163 praeter
1090 3094 1258 3145 voluntatem
1278 3112 1360 3155 suam,
1380 3104 1410 3145 ut
1429 3094 1533 3145 dictum

443 3174 500 3226 est,
523 3164 578 3213 filio
600 3182 682 3214 senex
702 3166 842 3232 imperium
869 3166 955 3214 cessit.
1002 3163 1065 3214 inde
1091 3182 1124 3214 ex
1148 3166 1214 3215 urbe
1238 3182 1356 3231 egressus
1376 3166 1533 3231 Didymoti-

443 3235 530 3295 chum,
549 3234 623 3302 quod
642 3234 675 3284 ad
687 3234 881 3301 Adriauopoiin
903 3243 1023 3301 spectat,
1044 3236 1183 3302 pergebat.
1218 3236 1533 3304 inter-proficiscendum

443 3316 550 3366 autem,
571 3305 674 3361 diebus
687 3306 782 3373 viginti
801 3315 869 3372 post,
889 3307 961 3356 vitae
981 3307 1060 3355 finem
1085 3307 1158 3357 fecit.
1194 3307 1308 3357 relatum
1328 3310 1363 3357 in
1377 3308 1469 3357 urbem
1489 3324 1535 3357 ca·

444 3378 551 3429 darer
543 3393 572 3427 an
592 3377 712 3445 templo,
739 3375 812 3445 quod
831 3376 890 3431 ab
884 3393 941 3444 apso
961 3378 1105 3431 excitatum
1126 3376 1280 3427 lmaretium
1308 3377 1466 3447 (hospitale)
1484 3394 1534 3445 ap

445 3450 571 3519 pellatur,
592 3449 729 3497 humatum
749 3454 796 3501 est
840 3464 958 3514 sparsum
986 3464 1090 3497 rumore
1120 3447 1173 3497 suit
1197 3448 1222 3497 ei
1249 3466 1382 3498 venenum
1411 3449 1534 3498 aGiano

444 3522 522 3572 bassa
554 3518 654 3569 datum
698 3517 763 3567 mihi
791 3534 853 3567 vero
881 3518 932 3567 hoc
959 3535 1014 3567 nou
1031 3534 1121 3568 verum
1145 3516 1272 3579 videtur,
1298 3521 1346 3569 sed
1365 3518 1533 3585 aegritudine

445 3592 528 3643 animi
549 3590 698 3657 disruptum
722 3604 788 3639 esse
831 3605 891 3639 narn
924 3606 983 3639 curn
1001 3590 1082 3639 vitam
1101 3606 1201 3639 summa
1223 3606 1283 3639 eum
1301 3592 1431 3640 felicitate
1452 3588 1486 3639 ad
1505 3588 1535 3638 id

446 3679 531 3733 usque
550 3671 654 3730 tempus
674 3660 849 3729 traduxisset,
878 3668 936 3709 tum
957 3659 1089 3710 demum
1082 3676 1112 3710 rn
1129 3662 1307 3711 calamitatem
1327 3660 1454 3729 delapsus
1475 3677 1534 3709 eam

447 3736 517 3785 ferre
544 3750 597 3783 non
626 3732 723 3800 potuit.
770 3731 855 3783 fertur
886 3738 976 3779 autem
1004 3730 1085 3780 fuisse
1107 3733 1216 3783 minime
1242 3732 1314 3781 elato
1333 3733 1440 3793 animo,
1459 3730 1534 3799 pacis

447 3820 556 3864 amans,
574 3804 702 3855 iustitiae
720 3800 867 3885 studiosus,
887 3802 1096 3852 mansuetudine
1118 3804 1240 3853 clemens.
1277 3802 1374 3871 quibus
1396 3802 1475 3851 rebus
1496 3800 1536 3849 fa·

448 3883 520 3926 ctum
548 3880 589 3927 est
615 3884 645 3925 ut
673 3874 781 3923 iauizari
799 3889 967 3940 nequaquam
997 3890 1028 3923 ea
1054 3891 1107 3941 qua
1127 3891 1175 3942 par
1203 3881 1261 3924 erat
1278 3874 1474 3923 reverentia-se
1493 3871 1536 3920 iili

450 3961 554 4012 semper
583 3945 781 4005 summiserint,
810 3942 857 3993 sed
878 3960 1069 4011 saepenumero
1097 3946 1256 3996 seditionem
1279 3944 1467 4005 excitaverint,
1487 3958 1537 3992 nee

450 4015 608 4065 ludaeorum
625 4024 733 4081 ⁴tautum
753 4023 780 4065 et
799 4012 1018 4077 Christianorum,
1036 4015 1083 4065 sed
1091 4015 1238 4066 Turcarum
1259 4016 1349 4076 etiarn,
1368 4023 1449 4082 atque
1468 4012 1537 4061 adeo

450 4085 569 4150 ipsorum
602 4085 759 4148 bassorum,
787 4085 882 4135 domos
908 4088 1102 4153 percusserint,
1126 4086 1253 4154 bonaque
1282 4085 1351 4135 inibi
1381 4085 1492 4144 inventa
1510 4084 1537 4132 in

451 4170 526 4203 suam
547 4170 601 4203 reru
625 4156 782 4221 praedantes
804 4157 941 4209 verterint.
977 4157 1022 4207 hic
1046 4157 1116 4207 enim
1137 4156 1193 4205 illis
1213 4172 1270 4205 mos
1284 4165 1333 4219 est
1351 4156 1489 4206 remissum
1511 4161 1539 4204 et
1619 4173 1621 4176 ’

450 4222 635 4287 indulgentem
657 4225 793 4277 dominum
814 4228 907 4278 nactis.

523 4307 699 4361 Abdicatioue
718 4314 912 4379 patriarchatus
931 4331 945 4362 a
967 4312 1106 4377 Dionysio,
1129 4310 1351 4379 quemadmodum
1369 4328 1449 4380 supra
1468 4311 1540 4361 disi-

453 4396 521 4437 mus,
542 4378 609 4427 tacta
628 4379 713 4428 factus
739 4390 779 4431 est
810 4384 959 4447 patriarcha
979 4384 1113 4431 Serrarum
1142 4383 1263 4443 antistes,
1283 4386 1326 4433 cui
1357 4400 1455 4433 nomen
1484 4390 1541 4432 erat

283 4484 288 4491 „
403 4454 405 4457 ’
453 4451 611 4511 Manassae,
630 4450 728 4517 quod'
722 4466 749 4500 m
769 4452 880 4501 Maximi
899 4470 999 4503 nomen
1012 4459 1145 4503 mutatum
1162 4461 1211 4505 est
1238 4453 1343 4506 viserat
1363 4455 1383 4504 is
1402 4471 1430 4504 ια
1448 4461 1540 4505 sancto
