<?xml version="1.0" encoding="UTF-8"?>
<!DOCTYPE html PUBLIC "-//W3C//DTD XHTML 1.0 Transitional//EN"
    "http://www.w3.org/TR/xhtml1/DTD/xhtml1-transitional.dtd">
<html xmlns="http://www.w3.org/1999/xhtml" xml:lang="en" lang="en">
 <head>
  <title>
</title>
<meta http-equiv="Content-Type" content="text/html;charset=utf-8" />
  <meta name='ocr-system' content='tesseract 3.04.00' />
  <meta name='ocr-capabilities' content='ocr_page ocr_carea ocr_par ocr_line ocrx_word'/>
</head>
<body>
  <div class='ocr_page' id='page_1' title='image "./historiapolitic00bekkgoog_0200.png"; bbox 0 0 3692 5350; ppageno 0'>
   <div class='ocr_carea' id='block_1_1' title="bbox 392 559 1035 636">
    <p class='ocr_par' dir='ltr' id='par_1_1' title="bbox 392 559 1035 636">
     <span class='ocr_line' id='line_1_1' title="bbox 392 559 1035 636; baseline -0.016 -2"><span class='ocrx_word' id='word_1_1' title='bbox 392 566 462 636; x_wconf 83' lang='lat'>188</span> <span class='ocrx_word' id='word_1_2' title='bbox 725 619 727 630; x_wconf 88' lang='grc'><strong><em>,</em></strong></span> <span class='ocrx_word' id='word_1_3' title='bbox 836 559 1035 627; x_wconf 72' lang='lat' dir='ltr'>maroam</span> 
     </span>
    </p>
   </div>
   <div class='ocr_carea' id='block_1_2' title="bbox 329 705 1567 2663">
    <p class='ocr_par' dir='ltr' id='par_1_2' title="bbox 329 705 1567 2663">
     <span class='ocr_line' id='line_1_2' title="bbox 329 705 1489 801; baseline -0.016 -17"><span class='ocrx_word' id='word_1_4' title='bbox 329 713 507 801; x_wconf 75' lang='grc' dir='ltr'><strong><em>ίλδθράνου</em></strong></span> <span class='ocrx_word' id='word_1_5' title='bbox 529 715 649 793; x_wconf 69' lang='lat' dir='ltr'>astet,</span> <span class='ocrx_word' id='word_1_6' title='bbox 676 711 727 776; x_wconf 87' lang='grc' dir='ltr'>διά</span> <span class='ocrx_word' id='word_1_7' title='bbox 759 709 800 774; x_wconf 83' lang='grc' dir='ltr'><strong><em>νά</em></strong></span> <span class='ocrx_word' id='word_1_8' title='bbox 825 707 947 790; x_wconf 87' lang='grc' dir='ltr'><strong><em>κάμουν</em></strong></span> <span class='ocrx_word' id='word_1_9' title='bbox 975 705 1185 788; x_wconf 79' lang='grc' dir='ltr'><strong><em>τιατριάρχην.</em></strong></span> <span class='ocrx_word' id='word_1_10' title='bbox 1230 706 1287 767; x_wconf 81' lang='grc' dir='ltr'>καί</span> <span class='ocrx_word' id='word_1_11' title='bbox 1306 706 1376 782; x_wconf 76' lang='grc' dir='ltr'><strong><em>ἐκεῖ</em></strong></span> <span class='ocrx_word' id='word_1_12' title='bbox 1395 705 1430 767; x_wconf 81' lang='grc' dir='ltr'><strong><em>ἐν</em></strong></span> <span class='ocrx_word' id='word_1_13' title='bbox 1449 706 1489 790; x_wconf 77' lang='grc' dir='ltr'>τῇ</span> 
     </span>
     <span class='ocr_line' id='line_1_3' title="bbox 387 799 1491 900; baseline -0.014 -21"><span class='ocrx_word' id='word_1_14' title='bbox 387 810 512 900; x_wconf 84' lang='grc' dir='ltr'><strong><em>συυδδιρ</em></strong></span> <span class='ocrx_word' id='word_1_15' title='bbox 532 814 695 895; x_wconf 76' lang='grc' dir='ltr'><strong><em>α’τιέφηναν</em></strong></span> <span class='ocrx_word' id='word_1_16' title='bbox 719 808 895 894; x_wconf 76' lang='grc' dir='ltr'><em>ὁμοφώνως</em></span> <span class='ocrx_word' id='word_1_17' title='bbox 917 806 978 893; x_wconf 76' lang='grc' dir='ltr'>μιᾷ</span> <span class='ocrx_word' id='word_1_18' title='bbox 999 808 1102 888; x_wconf 79' lang='grc' dir='ltr'><strong><em>βουλῇ</em></strong></span> <span class='ocrx_word' id='word_1_19' title='bbox 1126 801 1181 892; x_wconf 80' lang='grc' dir='ltr'>καί</span> <span class='ocrx_word' id='word_1_20' title='bbox 1202 801 1320 888; x_wconf 75' lang='grc' dir='ltr'><strong><em>γνώμῃ,</em></strong></span> <span class='ocrx_word' id='word_1_21' title='bbox 1341 805 1397 865; x_wconf 80' lang='grc' dir='ltr'>καί</span> <span class='ocrx_word' id='word_1_22' title='bbox 1417 799 1491 864; x_wconf 83' lang='grc' dir='ltr'><strong><em>ἔκο-</em></strong></span> 
     </span>
     <span class='ocr_line' id='line_1_4' title="bbox 388 900 1489 992; baseline -0.012 -17"><span class='ocrx_word' id='word_1_23' title='bbox 388 929 456 992; x_wconf 80' lang='grc' dir='ltr'>ψαν</span> <span class='ocrx_word' id='word_1_24' title='bbox 478 910 512 975; x_wconf 86' lang='grc' dir='ltr'>τὸ</span> <span class='ocrx_word' id='word_1_25' title='bbox 531 914 590 975; x_wconf 81' lang='grc' dir='ltr'>τοῦ</span> <span class='ocrx_word' id='word_1_26' title='bbox 611 911 753 988; x_wconf 80' lang='grc' dir='ltr'><strong><em>Σίμωνος</em></strong></span> <span class='ocrx_word' id='word_1_27' title='bbox 778 906 1047 990; x_wconf 74' lang='grc' dir='ltr'><strong><em>παρανομώτατον</em></strong></span> <span class='ocrx_word' id='word_1_28' title='bbox 1079 900 1134 964; x_wconf 80' lang='grc' dir='ltr'>καί</span> <span class='ocrx_word' id='word_1_29' title='bbox 1154 901 1364 980; x_wconf 72' lang='grc' dir='ltr'>ἀσεβέστατον</span> <span class='ocrx_word' id='word_1_30' title='bbox 1387 900 1489 981; x_wconf 82' lang='grc' dir='ltr'><strong><em>ἔργον,</em></strong></span> 
     </span>
     <span class='ocr_line' id='line_1_5' title="bbox 389 997 1489 1093; baseline -0.012 -22"><span class='ocrx_word' id='word_1_31' title='bbox 389 1002 486 1093; x_wconf 72' lang='grc' dir='ltr'><strong><em>ἤγουν</em></strong></span> <span class='ocrx_word' id='word_1_32' title='bbox 506 1005 544 1072; x_wconf 86' lang='grc' dir='ltr'><strong><em>νά</em></strong></span> <span class='ocrx_word' id='word_1_33' title='bbox 573 1010 674 1089; x_wconf 72' lang='grc' dir='ltr'><strong><em>μηδὲν</em></strong></span> <span class='ocrx_word' id='word_1_34' title='bbox 701 1008 852 1086; x_wconf 82' lang='grc' dir='ltr'><strong><em>ἑτιὲρνουυ</em></strong></span> <span class='ocrx_word' id='word_1_35' title='bbox 873 1005 1010 1088; x_wconf 85' lang='grc' dir='ltr'><strong><em>φλωρία,</em></strong></span> <span class='ocrx_word' id='word_1_36' title='bbox 1042 998 1116 1064; x_wconf 77' lang='grc' dir='ltr'><strong><em>ὅταν</em></strong></span> <span class='ocrx_word' id='word_1_37' title='bbox 1138 997 1274 1076; x_wconf 87' lang='grc' dir='ltr'><strong><em>κάμνουν</em></strong></span> <span class='ocrx_word' id='word_1_38' title='bbox 1291 998 1489 1079; x_wconf 77' lang='grc' dir='ltr'><strong><em>χειροτονία,</em></strong></span> 
     </span>
     <span class='ocr_line' id='line_1_6' title="bbox 390 1095 1519 1190; baseline -0.012 -19"><span class='ocrx_word' id='word_1_39' title='bbox 390 1106 472 1171; x_wconf 84' lang='grc' dir='ltr'><strong><em>κατά</em></strong></span> <span class='ocrx_word' id='word_1_40' title='bbox 496 1105 555 1190; x_wconf 69' lang='grc' dir='ltr'>τὴν</span> <span class='ocrx_word' id='word_1_41' title='bbox 575 1106 740 1187; x_wconf 85' lang='grc' dir='ltr'><strong><em>άιιόφασιυ</em></strong></span> <span class='ocrx_word' id='word_1_42' title='bbox 767 1105 831 1166; x_wconf 80' lang='grc' dir='ltr'>τῶν</span> <span class='ocrx_word' id='word_1_43' title='bbox 850 1104 948 1165; x_wconf 78' lang='grc' dir='ltr'><strong><em>θείων</em></strong></span> <span class='ocrx_word' id='word_1_44' title='bbox 969 1098 1024 1162; x_wconf 79' lang='grc' dir='ltr'>καί</span> <span class='ocrx_word' id='word_1_45' title='bbox 1043 1095 1137 1181; x_wconf 76' lang='grc' dir='ltr'><strong><em>ἱερῶν</em></strong></span> <span class='ocrx_word' id='word_1_46' title='bbox 1161 1095 1307 1175; x_wconf 80' lang='grc' dir='ltr'><strong><em>κανόνων,</em></strong></span> <span class='ocrx_word' id='word_1_47' title='bbox 1326 1102 1384 1158; x_wconf 83' lang='grc' dir='ltr'>τοῦ</span> <span class='ocrx_word' id='word_1_48' title='bbox 1405 1099 1519 1160; x_wconf 71' lang='lat' dir='ltr'>rixo-5</span> 
     </span>
     <span class='ocr_line' id='line_1_7' title="bbox 391 1189 1492 1284; baseline -0.014 -14"><span class='ocrx_word' id='word_1_49' title='bbox 391 1209 470 1270; x_wconf 75' lang='grc' dir='ltr'><strong><em>στοά</em></strong></span> <span class='ocrx_word' id='word_1_50' title='bbox 491 1203 619 1268; x_wconf 79' lang='grc' dir='ltr'><strong><em>ἑννάτου</em></strong></span> <span class='ocrx_word' id='word_1_51' title='bbox 641 1207 695 1266; x_wconf 86' lang='grc' dir='ltr'>καί</span> <span class='ocrx_word' id='word_1_52' title='bbox 716 1207 773 1266; x_wconf 79' lang='grc' dir='ltr'>τοῦ</span> <span class='ocrx_word' id='word_1_53' title='bbox 795 1202 994 1284; x_wconf 80' lang='grc' dir='ltr'><strong><em>τριακοοτοῦ.</em></strong></span> <span class='ocrx_word' id='word_1_54' title='bbox 1036 1199 1067 1260; x_wconf 85' lang='grc' dir='ltr'>εἰ</span> <span class='ocrx_word' id='word_1_55' title='bbox 1087 1199 1123 1259; x_wconf 81' lang='grc' dir='ltr'>δὲ</span> <span class='ocrx_word' id='word_1_56' title='bbox 1143 1199 1197 1258; x_wconf 82' lang='grc' dir='ltr'><strong><em>κατ’</em></strong></span> <span class='ocrx_word' id='word_1_57' title='bbox 1214 1189 1321 1268; x_wconf 82' lang='grc' dir='ltr'><strong><em>ὅτιοιος</em></strong></span> <span class='ocrx_word' id='word_1_58' title='bbox 1344 1199 1406 1262; x_wconf 69' lang='grc' dir='ltr'><strong><em>τοῖν</em></strong></span> <span class='ocrx_word' id='word_1_59' title='bbox 1430 1194 1492 1277; x_wconf 82' lang='grc' dir='ltr'><strong><em>α’ρ-</em></strong></span> 
     </span>
     <span class='ocr_line' id='line_1_8' title="bbox 387 1291 1567 1391; baseline -0.008 -27"><span class='ocrx_word' id='word_1_60' title='bbox 387 1306 524 1387; x_wconf 81' lang='grc' dir='ltr'><strong><em>χιερίων</em></strong></span> <span class='ocrx_word' id='word_1_61' title='bbox 547 1304 670 1384; x_wconf 84' lang='grc' dir='ltr'><strong><em>τιαρὲβιγ</em></strong></span> <span class='ocrx_word' id='word_1_62' title='bbox 701 1300 837 1373; x_wconf 77' lang='grc' dir='ltr'><strong><em>τούτους</em></strong></span> <span class='ocrx_word' id='word_1_63' title='bbox 859 1297 935 1372; x_wconf 85' lang='grc' dir='ltr'>τούς</span> <span class='ocrx_word' id='word_1_64' title='bbox 956 1294 1106 1372; x_wconf 86' lang='grc' dir='ltr'><strong><em>κανόνας,</em></strong></span> <span class='ocrx_word' id='word_1_65' title='bbox 1133 1293 1171 1356; x_wconf 85' lang='grc' dir='ltr'><strong><em>νά</em></strong></span> <span class='ocrx_word' id='word_1_66' title='bbox 1194 1291 1264 1356; x_wconf 82' lang='grc' dir='ltr'><strong><em>ε”ναι</em></strong></span> <span class='ocrx_word' id='word_1_67' title='bbox 1288 1292 1493 1391; x_wconf 76' lang='grc' dir='ltr'><strong><em>αδτοκαθαί-</em></strong></span> <span class='ocrx_word' id='word_1_68' title='bbox 1565 1312 1567 1321; x_wconf 85' lang='grc'><strong>’</strong></span> 
     </span>
     <span class='ocr_line' id='line_1_9' title="bbox 391 1391 1542 1488; baseline -0.01 -23"><span class='ocrx_word' id='word_1_69' title='bbox 391 1425 490 1486; x_wconf 83' lang='grc' dir='ltr'><strong><em>ρετσς.</em></strong></span> <span class='ocrx_word' id='word_1_70' title='bbox 533 1405 608 1482; x_wconf 67' lang='lat' dir='ltr'>napi</span> <span class='ocrx_word' id='word_1_71' title='bbox 627 1403 660 1462; x_wconf 84' lang='grc' dir='ltr'>δὲ</span> <span class='ocrx_word' id='word_1_72' title='bbox 681 1403 738 1462; x_wconf 80' lang='grc' dir='ltr'>τοῦ</span> <span class='ocrx_word' id='word_1_73' title='bbox 750 1399 936 1478; x_wconf 81' lang='grc' dir='ltr'><strong><em>ἑμβατικίου</em></strong></span> <span class='ocrx_word' id='word_1_74' title='bbox 958 1393 1183 1476; x_wconf 78' lang='grc' dir='ltr'><strong><em>ἔσυγχάρησαν</em></strong></span> <span class='ocrx_word' id='word_1_75' title='bbox 1204 1391 1243 1455; x_wconf 87' lang='grc' dir='ltr'><strong><em>νά</em></strong></span> <span class='ocrx_word' id='word_1_76' title='bbox 1266 1391 1301 1456; x_wconf 89' lang='grc' dir='ltr'>τό</span> <span class='ocrx_word' id='word_1_77' title='bbox 1324 1394 1491 1475; x_wconf 85' lang='grc' dir='ltr'><strong><em>ἑτιέρνουν.</em></strong></span> <span class='ocrx_word' id='word_1_78' title='bbox 1537 1479 1542 1488; x_wconf 77' lang='lat'><em>.</em></span> 
     </span>
     <span class='ocr_line' id='line_1_10' title="bbox 391 1489 1494 1584; baseline -0.012 -20"><span class='ocrx_word' id='word_1_79' title='bbox 391 1493 418 1564; x_wconf 74' lang='lat' dir='ltr'>oi</span> <span class='ocrx_word' id='word_1_80' title='bbox 437 1503 492 1584; x_wconf 73' lang='grc' dir='ltr'>τῆς</span> <span class='ocrx_word' id='word_1_81' title='bbox 513 1496 680 1570; x_wconf 74' lang='grc' dir='ltr'><strong><em>κολάσεως.</em></strong></span> <span class='ocrx_word' id='word_1_82' title='bbox 724 1499 781 1558; x_wconf 81' lang='grc' dir='ltr'>τοῦ</span> <span class='ocrx_word' id='word_1_83' title='bbox 802 1498 901 1558; x_wconf 79' lang='grc' dir='ltr'><strong><em>κακοῦ</em></strong></span> <span class='ocrx_word' id='word_1_84' title='bbox 916 1496 1048 1575; x_wconf 82' lang='grc' dir='ltr'><strong><em>δένδρου</em></strong></span> <span class='ocrx_word' id='word_1_85' title='bbox 1072 1490 1216 1568; x_wconf 82' lang='grc' dir='ltr'><strong><em>τ’τίναξαν</em></strong></span> <span class='ocrx_word' id='word_1_86' title='bbox 1235 1490 1273 1554; x_wconf 86' lang='grc' dir='ltr'>τά</span> <span class='ocrx_word' id='word_1_87' title='bbox 1296 1489 1416 1575; x_wconf 85' lang='grc' dir='ltr'><strong><em>φάλλα,</em></strong></span> <span class='ocrx_word' id='word_1_88' title='bbox 1437 1491 1494 1552; x_wconf 77' lang='grc' dir='ltr'><strong><em>κατ’</em></strong></span> 
     </span>
     <span class='ocr_line' id='line_1_11' title="bbox 391 1586 1538 1680; baseline -0.009 -18"><span class='ocrx_word' id='word_1_89' title='bbox 391 1596 512 1680; x_wconf 77' lang='grc' dir='ltr'><strong><em>ἔκοψαν</em></strong></span> <span class='ocrx_word' id='word_1_90' title='bbox 534 1593 608 1669; x_wconf 80' lang='grc' dir='ltr'><strong><em>τοδς</em></strong></span> <span class='ocrx_word' id='word_1_91' title='bbox 629 1593 765 1669; x_wconf 79' lang='grc' dir='ltr'><strong><em>κλάδους</em></strong></span> <span class='ocrx_word' id='word_1_92' title='bbox 784 1593 839 1657; x_wconf 81' lang='grc' dir='ltr'>καί</span> <span class='ocrx_word' id='word_1_93' title='bbox 862 1592 897 1656; x_wconf 85' lang='grc' dir='ltr'>τά</span> <span class='ocrx_word' id='word_1_94' title='bbox 923 1595 1062 1675; x_wconf 79' lang='grc' dir='ltr'><strong><em>δένδρον,</em></strong></span> <span class='ocrx_word' id='word_1_95' title='bbox 1084 1593 1139 1653; x_wconf 82' lang='grc' dir='ltr'>καί</span> <span class='ocrx_word' id='word_1_96' title='bbox 1159 1588 1215 1674; x_wconf 65' lang='grc' dir='ltr'>τὴν</span> <span class='ocrx_word' id='word_1_97' title='bbox 1236 1586 1329 1674; x_wconf 80' lang='grc' dir='ltr'><strong><em>ῥίζαν</em></strong></span> <span class='ocrx_word' id='word_1_98' title='bbox 1350 1592 1492 1674; x_wconf 76' lang='grc' dir='ltr'><strong><em>α’φῆκαν,</em></strong></span> <span class='ocrx_word' id='word_1_99' title='bbox 1504 1601 1538 1652; x_wconf 86' lang='grc'>10</span> 
     </span>
     <span class='ocr_line' id='line_1_12' title="bbox 391 1687 1523 1780; baseline -0.008 -22"><span class='ocrx_word' id='word_1_100' title='bbox 391 1689 488 1780; x_wconf 78' lang='grc' dir='ltr'><strong><em>ἤγουν</em></strong></span> <span class='ocrx_word' id='word_1_101' title='bbox 510 1692 545 1758; x_wconf 82' lang='grc' dir='ltr'>τὸ</span> <span class='ocrx_word' id='word_1_102' title='bbox 565 1693 765 1772; x_wconf 74' lang='grc' dir='ltr'><strong><em>Σιμωνιακὸν</em></strong></span> <span class='ocrx_word' id='word_1_103' title='bbox 785 1694 846 1756; x_wconf 77' lang='grc' dir='ltr'>τῶν</span> <span class='ocrx_word' id='word_1_104' title='bbox 864 1695 1066 1776; x_wconf 77' lang='grc' dir='ltr'><strong><em>χειροτονιῶν</em></strong></span> <span class='ocrx_word' id='word_1_105' title='bbox 1087 1687 1224 1770; x_wconf 80' lang='grc' dir='ltr'><strong><em>ἔκοψαν,</em></strong></span> <span class='ocrx_word' id='word_1_106' title='bbox 1246 1688 1304 1771; x_wconf 70' lang='grc' dir='ltr'>τήν</span> <span class='ocrx_word' id='word_1_107' title='bbox 1326 1691 1361 1752; x_wconf 81' lang='grc' dir='ltr'>δὲ</span> <span class='ocrx_word' id='word_1_108' title='bbox 1382 1688 1491 1769; x_wconf 78' lang='grc' dir='ltr'><strong><em>ῥίζαν,</em></strong></span> <span class='ocrx_word' id='word_1_109' title='bbox 1517 1751 1523 1757; x_wconf 72' lang='grc'><strong><em>,</em></strong></span> 
     </span>
     <span class='ocr_line' id='line_1_13' title="bbox 391 1788 1492 1876; baseline -0.009 -18"><span class='ocrx_word' id='word_1_110' title='bbox 391 1797 531 1858; x_wconf 80' lang='grc' dir='ltr'><strong><em>τουτέστι</em></strong></span> <span class='ocrx_word' id='word_1_111' title='bbox 552 1791 586 1856; x_wconf 87' lang='grc' dir='ltr'>τό</span> <span class='ocrx_word' id='word_1_112' title='bbox 611 1793 799 1873; x_wconf 85' lang='grc' dir='ltr'><strong><em>ἑμβατίκιου,</em></strong></span> <span class='ocrx_word' id='word_1_113' title='bbox 821 1793 954 1876; x_wconf 74' lang='grc' dir='ltr'><strong><em>α’φῆκον,</em></strong></span> <span class='ocrx_word' id='word_1_114' title='bbox 981 1793 1036 1853; x_wconf 84' lang='grc' dir='ltr'><strong><em>καί</em></strong></span> <span class='ocrx_word' id='word_1_115' title='bbox 1056 1789 1151 1852; x_wconf 85' lang='grc' dir='ltr'><strong><em>πάλιν</em></strong></span> <span class='ocrx_word' id='word_1_116' title='bbox 1171 1789 1329 1872; x_wconf 69' lang='grc' dir='ltr'><strong><em>βλαστάνῃ</em></strong></span> <span class='ocrx_word' id='word_1_117' title='bbox 1351 1788 1406 1851; x_wconf 80' lang='grc' dir='ltr'>καί</span> <span class='ocrx_word' id='word_1_118' title='bbox 1430 1790 1492 1850; x_wconf 72' lang='lat' dir='ltr'>cri-</span> 
     </span>
     <span class='ocr_line' id='line_1_14' title="bbox 396 1886 1495 1974; baseline -0.004 -22"><span class='ocrx_word' id='word_1_119' title='bbox 396 1886 472 1974; x_wconf 80' lang='grc' dir='ltr'><strong><em>ξάνη</em></strong></span> <span class='ocrx_word' id='word_1_120' title='bbox 505 1894 562 1972; x_wconf 76' lang='grc' dir='ltr'>τῆς</span> <span class='ocrx_word' id='word_1_121' title='bbox 592 1890 749 1964; x_wconf 84' lang='grc' dir='ltr'><strong><em>κολάσεως</em></strong></span> <span class='ocrx_word' id='word_1_122' title='bbox 780 1888 814 1953; x_wconf 85' lang='grc' dir='ltr'>τὸ</span> <span class='ocrx_word' id='word_1_123' title='bbox 847 1893 987 1971; x_wconf 83' lang='grc' dir='ltr'><strong><em>δένδρον.</em></strong></span> <span class='ocrx_word' id='word_1_124' title='bbox 1029 1887 1085 1952; x_wconf 84' lang='grc' dir='ltr'><strong><em>καί</em></strong></span> <span class='ocrx_word' id='word_1_125' title='bbox 1114 1887 1269 1950; x_wconf 82' lang='grc' dir='ltr'><strong><em>α’κοάσατο</em></strong></span> <span class='ocrx_word' id='word_1_126' title='bbox 1290 1890 1423 1968; x_wconf 83' lang='grc' dir='ltr'><strong><em>τίλέγει</em></strong></span> <span class='ocrx_word' id='word_1_127' title='bbox 1446 1888 1495 1960; x_wconf 81' lang='grc' dir='ltr'>τίς</span> 
     </span>
     <span class='ocr_line' id='line_1_15' title="bbox 392 1985 1495 2070; baseline -0.006 -16"><span class='ocrx_word' id='word_1_128' title='bbox 392 1987 450 2064; x_wconf 87' lang='grc' dir='ltr'>τάς</span> <span class='ocrx_word' id='word_1_129' title='bbox 470 1987 599 2070; x_wconf 81' lang='grc' dir='ltr'><strong><em>πράξεις</em></strong></span> <span class='ocrx_word' id='word_1_130' title='bbox 633 1993 694 2051; x_wconf 80' lang='grc' dir='ltr'>των</span> <span class='ocrx_word' id='word_1_131' title='bbox 724 1988 822 2070; x_wconf 84' lang='grc' dir='ltr'><strong><em>ἁγίων</em></strong></span> <span class='ocrx_word' id='word_1_132' title='bbox 845 1985 1044 2050; x_wconf 84' lang='grc' dir='ltr'><strong><em>ἀ’τιοστόλων.</em></strong></span> <span class='ocrx_word' id='word_1_133' title='bbox 1104 1986 1302 2065; x_wconf 75' lang='grc' dir='ltr'><strong><em>θεασάμενος</em></strong></span> <span class='ocrx_word' id='word_1_134' title='bbox 1325 1988 1360 2047; x_wconf 84' lang='grc' dir='ltr'>δὲ</span> <span class='ocrx_word' id='word_1_135' title='bbox 1384 1987 1495 2062; x_wconf 79' lang='grc' dir='ltr'><strong><em>Σίμων</em></strong></span> 
     </span>
     <span class='ocr_line' id='line_1_16' title="bbox 392 2080 1542 2169; baseline -0.003 -17"><span class='ocrx_word' id='word_1_136' title='bbox 392 2083 410 2152; x_wconf 78' lang='grc' dir='ltr'><em>ὅ</em></span> <span class='ocrx_word' id='word_1_137' title='bbox 428 2087 529 2168; x_wconf 82' lang='grc' dir='ltr'><strong><em>μάγος</em></strong></span> <span class='ocrx_word' id='word_1_138' title='bbox 562 2080 610 2149; x_wconf 79' lang='grc' dir='ltr'>ὅτι</span> <span class='ocrx_word' id='word_1_139' title='bbox 638 2086 691 2150; x_wconf 89' lang='grc' dir='ltr'>διά</span> <span class='ocrx_word' id='word_1_140' title='bbox 723 2091 778 2169; x_wconf 67' lang='grc' dir='ltr'>τῆς</span> <span class='ocrx_word' id='word_1_141' title='bbox 798 2089 968 2160; x_wconf 76' lang='grc' dir='ltr'><strong><em>ἐπιθέσεως</em></strong></span> <span class='ocrx_word' id='word_1_142' title='bbox 990 2090 1054 2148; x_wconf 76' lang='grc' dir='ltr'>τῶν</span> <span class='ocrx_word' id='word_1_143' title='bbox 1081 2091 1200 2166; x_wconf 80' lang='grc' dir='ltr'><strong><em>χειρῶν</em></strong></span> <span class='ocrx_word' id='word_1_144' title='bbox 1223 2089 1284 2148; x_wconf 73' lang='lat' dir='ltr'>acris</span> <span class='ocrx_word' id='word_1_145' title='bbox 1306 2083 1495 2147; x_wconf 86' lang='grc' dir='ltr'><strong><em>άαοστάλων</em></strong></span> <span class='ocrx_word' id='word_1_146' title='bbox 1507 2096 1542 2148; x_wconf 82' lang='grc'>15</span> 
     </span>
     <span class='ocr_line' id='line_1_17' title="bbox 393 2181 1497 2272; baseline -0.005 -23"><span class='ocrx_word' id='word_1_147' title='bbox 393 2187 517 2249; x_wconf 79' lang='grc' dir='ltr'><strong><em>δίδοται</em></strong></span> <span class='ocrx_word' id='word_1_148' title='bbox 546 2183 579 2247; x_wconf 80' lang='lat' dir='ltr'>ui</span> <span class='ocrx_word' id='word_1_149' title='bbox 604 2188 729 2264; x_wconf 82' lang='grc' dir='ltr'><strong><em>πνεῦμα</em></strong></span> <span class='ocrx_word' id='word_1_150' title='bbox 751 2183 786 2246; x_wconf 89' lang='grc' dir='ltr'><strong><em>τὸ</em></strong></span> <span class='ocrx_word' id='word_1_151' title='bbox 817 2181 915 2264; x_wconf 83' lang='grc' dir='ltr'><strong><em>άγιον,</em></strong></span> <span class='ocrx_word' id='word_1_152' title='bbox 938 2183 1032 2267; x_wconf 81' lang='grc' dir='ltr'><strong><em>ἔφερε</em></strong></span> <span class='ocrx_word' id='word_1_153' title='bbox 1061 2183 1223 2266; x_wconf 71' lang='grc' dir='ltr'><strong><em>χρήματα,</em></strong></span> <span class='ocrx_word' id='word_1_154' title='bbox 1245 2185 1386 2248; x_wconf 84' lang='grc' dir='ltr'><strong><em>τουτέστι</em></strong></span> <span class='ocrx_word' id='word_1_155' title='bbox 1405 2187 1497 2272; x_wconf 77' lang='lat' dir='ltr'>‹pim-</span> 
     </span>
     <span class='ocr_line' id='line_1_18' title="bbox 393 2275 1497 2368; baseline -0.004 -23"><span class='ocrx_word' id='word_1_156' title='bbox 393 2285 458 2368; x_wconf 87' lang='grc' dir='ltr'>ριά,</span> <span class='ocrx_word' id='word_1_157' title='bbox 481 2287 535 2346; x_wconf 81' lang='grc' dir='ltr'>καί</span> <span class='ocrx_word' id='word_1_158' title='bbox 553 2277 620 2352; x_wconf 74' lang='lat' dir='ltr'>eins</span> <span class='ocrx_word' id='word_1_159' title='bbox 645 2286 707 2344; x_wconf 71' lang='grc' dir='ltr'><strong><em>ταῖν</em></strong></span> <span class='ocrx_word' id='word_1_160' title='bbox 730 2275 910 2346; x_wconf 83' lang='grc' dir='ltr'><strong><em>αἀσστάλωυ</em></strong></span> <span class='ocrx_word' id='word_1_161' title='bbox 931 2282 1019 2344; x_wconf 81' lang='lat' dir='ltr'>“dire</span> <span class='ocrx_word' id='word_1_162' title='bbox 1039 2282 1228 2364; x_wconf 74' lang='grc' dir='ltr'><strong><em>καίἑμὲτήν</em></strong></span> <span class='ocrx_word' id='word_1_163' title='bbox 1250 2284 1397 2357; x_wconf 78' lang='grc' dir='ltr'><strong><em>ἐξουσίαν</em></strong></span> <span class='ocrx_word' id='word_1_164' title='bbox 1417 2281 1497 2343; x_wconf 83' lang='grc' dir='ltr'><strong><em>ταδ-</em></strong></span> 
     </span>
     <span class='ocr_line' id='line_1_19' title="bbox 394 2376 1494 2466; baseline -0.005 -22"><span class='ocrx_word' id='word_1_165' title='bbox 394 2405 460 2466; x_wconf 79' lang='grc' dir='ltr'><strong><em>τηυ,</em></strong></span> <span class='ocrx_word' id='word_1_166' title='bbox 482 2381 534 2444; x_wconf 78' lang='grc' dir='ltr'>ἵνα</span> <span class='ocrx_word' id='word_1_167' title='bbox 555 2383 600 2454; x_wconf 75' lang='grc' dir='ltr'>εἰς</span> <span class='ocrx_word' id='word_1_168' title='bbox 620 2383 746 2463; x_wconf 76' lang='grc' dir='ltr'><strong><em>ἐκεῖνον,</em></strong></span> <span class='ocrx_word' id='word_1_169' title='bbox 770 2376 849 2442; x_wconf 72' lang='lat' dir='ltr'>iuna</span> <span class='ocrx_word' id='word_1_170' title='bbox 868 2383 955 2460; x_wconf 80' lang='grc' dir='ltr'><strong><em>βάλω</em></strong></span> <span class='ocrx_word' id='word_1_171' title='bbox 976 2378 1013 2443; x_wconf 85' lang='grc' dir='ltr'>τά</span> <span class='ocrx_word' id='word_1_172' title='bbox 1034 2383 1130 2463; x_wconf 82' lang='grc' dir='ltr'><strong><em>χερία</em></strong></span> <span class='ocrx_word' id='word_1_173' title='bbox 1153 2405 1225 2460; x_wconf 91' lang='grc' dir='ltr'><strong><em>μου,</em></strong></span> <span class='ocrx_word' id='word_1_174' title='bbox 1247 2379 1285 2442; x_wconf 79' lang='grc' dir='ltr'>τά</span> <span class='ocrx_word' id='word_1_175' title='bbox 1309 2376 1437 2462; x_wconf 83' lang='grc' dir='ltr'><strong><em>ἔρχεται</em></strong></span> <span class='ocrx_word' id='word_1_176' title='bbox 1457 2377 1494 2440; x_wconf 91' lang='grc' dir='ltr'>τὸ</span> 
     </span>
     <span class='ocr_line' id='line_1_20' title="bbox 397 2472 1495 2562; baseline -0.006 -18"><span class='ocrx_word' id='word_1_177' title='bbox 397 2485 523 2561; x_wconf 81' lang='grc' dir='ltr'><strong><em>πνεῦμα</em></strong></span> <span class='ocrx_word' id='word_1_178' title='bbox 561 2477 597 2543; x_wconf 84' lang='grc' dir='ltr'>τά</span> <span class='ocrx_word' id='word_1_179' title='bbox 623 2474 740 2562; x_wconf 79' lang='grc' dir='ltr'><strong><em>άγιον.”</em></strong></span> <span class='ocrx_word' id='word_1_180' title='bbox 798 2477 869 2542; x_wconf 81' lang='grc' dir='ltr'>ὅδὲ</span> <span class='ocrx_word' id='word_1_181' title='bbox 892 2480 1064 2553; x_wconf 87' lang='grc' dir='ltr'><strong><em>αἰιδστολος</em></strong></span> <span class='ocrx_word' id='word_1_182' title='bbox 1089 2483 1214 2561; x_wconf 83' lang='grc' dir='ltr'><strong><em>Πέτρος</em></strong></span> <span class='ocrx_word' id='word_1_183' title='bbox 1242 2472 1316 2560; x_wconf 36' lang='grc' dir='ltr'><strong><em>εἷπε,</em></strong></span> <span class='ocrx_word' id='word_1_184' title='bbox 1331 2477 1410 2561; x_wconf 82' lang='grc' dir='ltr'><strong><em>πρὸς</em></strong></span> <span class='ocrx_word' id='word_1_185' title='bbox 1430 2475 1495 2540; x_wconf 83' lang='grc' dir='ltr'>οδ.</span> 
     </span>
     <span class='ocr_line' id='line_1_21' title="bbox 394 2569 1543 2663; baseline -0.004 -19"><span class='ocrx_word' id='word_1_186' title='bbox 394 2579 450 2644; x_wconf 82' lang='grc' dir='ltr'>τόν</span> <span class='ocrx_word' id='word_1_187' title='bbox 473 2578 528 2644; x_wconf 76' lang='lat' dir='ltr'>“ri</span> <span class='ocrx_word' id='word_1_188' title='bbox 565 2579 714 2663; x_wconf 83' lang='grc' dir='ltr'><strong><em>α’ργάριόν</em></strong></span> <span class='ocrx_word' id='word_1_189' title='bbox 746 2587 823 2642; x_wconf 90' lang='grc' dir='ltr'><strong><em>σου”</em></strong></span> <span class='ocrx_word' id='word_1_190' title='bbox 851 2575 948 2661; x_wconf 78' lang='grc' dir='ltr'><strong><em>ἤγουν</em></strong></span> <span class='ocrx_word' id='word_1_191' title='bbox 977 2576 1014 2642; x_wconf 89' lang='grc' dir='ltr'>τά</span> <span class='ocrx_word' id='word_1_192' title='bbox 1039 2579 1166 2662; x_wconf 84' lang='grc' dir='ltr'><strong><em>φλωρία</em></strong></span> <span class='ocrx_word' id='word_1_193' title='bbox 1187 2601 1246 2643; x_wconf 89' lang='grc' dir='ltr'><strong><em>σου</em></strong></span> <span class='ocrx_word' id='word_1_194' title='bbox 1276 2580 1352 2639; x_wconf 77' lang='lat' dir='ltr'>“xci</span> <span class='ocrx_word' id='word_1_195' title='bbox 1372 2569 1429 2639; x_wconf 79' lang='grc' dir='ltr'>ἑσὺ</span> <span class='ocrx_word' id='word_1_196' title='bbox 1453 2571 1543 2639; x_wconf 80' lang='grc' dir='ltr'><strong><em>νά20</em></strong></span> 
     </span>
    </p>
   </div>
   <div class='ocr_carea' id='block_1_3' title="bbox 394 2669 1496 2862">
    <p class='ocr_par' dir='ltr' id='par_1_3' title="bbox 394 2669 1496 2862">
     <span class='ocr_line' id='line_1_22' title="bbox 394 2669 1495 2763; baseline -0.004 -22"><span class='ocrx_word' id='word_1_197' title='bbox 394 2669 451 2761; x_wconf 80' lang='grc' dir='ltr'>ἧσε</span> <span class='ocrx_word' id='word_1_198' title='bbox 474 2681 696 2763; x_wconf 81' lang='grc' dir='ltr'><strong><em>α’φωρισμὲνσς</em></strong></span> <span class='ocrx_word' id='word_1_199' title='bbox 718 2678 771 2740; x_wconf 78' lang='grc' dir='ltr'>καί</span> <span class='ocrx_word' id='word_1_200' title='bbox 792 2680 1087 2756; x_wconf 70' lang='grc' dir='ltr'><strong><em>α’ναθεματισμέυος</em></strong></span> <span class='ocrx_word' id='word_1_201' title='bbox 1112 2680 1157 2752; x_wconf 81' lang='grc' dir='ltr'>εἰς</span> <span class='ocrx_word' id='word_1_202' title='bbox 1177 2676 1234 2760; x_wconf 72' lang='grc' dir='ltr'>τάν</span> <span class='ocrx_word' id='word_1_203' title='bbox 1257 2675 1416 2739; x_wconf 81' lang='grc' dir='ltr'><strong><em>αἰτιάλειαν</em></strong></span> <span class='ocrx_word' id='word_1_204' title='bbox 1436 2679 1495 2739; x_wconf 80' lang='grc' dir='ltr'>τοῦ</span> 
     </span>
     <span class='ocr_line' id='line_1_23' title="bbox 396 2773 1496 2862; baseline -0.005 -23"><span class='ocrx_word' id='word_1_205' title='bbox 396 2776 527 2841; x_wconf 85' lang='grc' dir='ltr'><strong><em>αἰωνίου</em></strong></span> <span class='ocrx_word' id='word_1_206' title='bbox 551 2779 661 2862; x_wconf 80' lang='grc' dir='ltr'><strong><em>πυρός,</em></strong></span> <span class='ocrx_word' id='word_1_207' title='bbox 687 2775 766 2840; x_wconf 86' lang='grc' dir='ltr'><strong><em>διότι</em></strong></span> <span class='ocrx_word' id='word_1_208' title='bbox 783 2779 951 2858; x_wconf 81' lang='grc' dir='ltr'><strong><em>ἑλογίασες,</em></strong></span> <span class='ocrx_word' id='word_1_209' title='bbox 974 2774 1009 2839; x_wconf 88' lang='grc' dir='ltr'>τδ</span> <span class='ocrx_word' id='word_1_210' title='bbox 1025 2773 1170 2859; x_wconf 81' lang='grc' dir='ltr'><strong><em>χάρισμα</em></strong></span> <span class='ocrx_word' id='word_1_211' title='bbox 1192 2778 1250 2839; x_wconf 83' lang='grc' dir='ltr'>τοῦ</span> <span class='ocrx_word' id='word_1_212' title='bbox 1270 2777 1350 2838; x_wconf 80' lang='grc' dir='ltr'><strong><em>θεοῦ</em></strong></span> <span class='ocrx_word' id='word_1_213' title='bbox 1366 2776 1496 2847; x_wconf 50' lang='grc' dir='ltr'><strong><em>,δι’δετοιι</em></strong></span> 
     </span>
    </p>
   </div>
   <div class='ocr_carea' id='block_1_4' title="bbox 315 3089 1577 4499">
    <p class='ocr_par' dir='ltr' id='par_1_4' title="bbox 316 3089 1577 4011">
     <span class='ocr_line' id='line_1_24' title="bbox 316 3089 1577 3165; baseline 0.006 -26"><span class='ocrx_word' id='word_1_214' title='bbox 316 3108 318 3113; x_wconf 76' lang='grc'><strong>’</strong></span> <span class='ocrx_word' id='word_1_215' title='bbox 400 3106 455 3162; x_wconf 88' lang='lat' dir='ltr'>quo</span> <span class='ocrx_word' id='word_1_216' title='bbox 481 3089 509 3140; x_wconf 90' lang='lat' dir='ltr'>hi</span> <span class='ocrx_word' id='word_1_217' title='bbox 534 3094 590 3143; x_wconf 86' lang='lat' dir='ltr'>suis</span> <span class='ocrx_word' id='word_1_218' title='bbox 620 3094 701 3158; x_wconf 87' lang='lat' dir='ltr'>iocis,</span> <span class='ocrx_word' id='word_1_219' title='bbox 729 3112 777 3165; x_wconf 91' lang='lat' dir='ltr'>pro</span> <span class='ocrx_word' id='word_1_220' title='bbox 806 3094 938 3163; x_wconf 78' lang='lat' dir='ltr'>dignitate</span> <span class='ocrx_word' id='word_1_221' title='bbox 969 3098 1088 3147; x_wconf 88' lang='lat' dir='ltr'>muneris</span> <span class='ocrx_word' id='word_1_222' title='bbox 1115 3096 1156 3148; x_wconf 90' lang='lat' dir='ltr'>sui</span> <span class='ocrx_word' id='word_1_223' title='bbox 1175 3096 1349 3147; x_wconf 85' lang='lat' dir='ltr'>ecclesiastici</span> <span class='ocrx_word' id='word_1_224' title='bbox 1369 3097 1496 3165; x_wconf 85' lang='lat' dir='ltr'>quisque,</span> <span class='ocrx_word' id='word_1_225' title='bbox 1575 3116 1577 3122; x_wconf 95' lang='lat'>·</span> 
     </span>
     <span class='ocr_line' id='line_1_25' title="bbox 400 3161 1495 3234; baseline 0.004 -21"><span class='ocrx_word' id='word_1_226' title='bbox 400 3161 581 3213; x_wconf 83' lang='lat' dir='ltr'>consederunt</span> <span class='ocrx_word' id='word_1_227' title='bbox 605 3166 770 3231; x_wconf 78' lang='lat' dir='ltr'>patriarchae</span> <span class='ocrx_word' id='word_1_228' title='bbox 799 3166 916 3216; x_wconf 80' lang='lat' dir='ltr'>faciendi</span> <span class='ocrx_word' id='word_1_229' title='bbox 935 3183 1024 3221; x_wconf 86' lang='lat' dir='ltr'>cansa.</span> <span class='ocrx_word' id='word_1_230' title='bbox 1071 3177 1136 3218; x_wconf 88' lang='lat' dir='ltr'>tunc</span> <span class='ocrx_word' id='word_1_231' title='bbox 1157 3183 1208 3216; x_wconf 91' lang='lat' dir='ltr'>una</span> <span class='ocrx_word' id='word_1_232' title='bbox 1229 3166 1379 3234; x_wconf 85' lang='lat' dir='ltr'>eademqne</span> <span class='ocrx_word' id='word_1_233' title='bbox 1401 3174 1495 3217; x_wconf 87' lang='lat' dir='ltr'>mente</span> 
     </span>
     <span class='ocr_line' id='line_1_26' title="bbox 401 3232 1496 3308; baseline 0.002 -24"><span class='ocrx_word' id='word_1_234' title='bbox 401 3239 429 3284; x_wconf 83' lang='lat' dir='ltr'>et</span> <span class='ocrx_word' id='word_1_235' title='bbox 448 3248 513 3283; x_wconf 81' lang='lat' dir='ltr'>voce</span> <span class='ocrx_word' id='word_1_236' title='bbox 532 3232 667 3285; x_wconf 88' lang='lat' dir='ltr'>decretum</span> <span class='ocrx_word' id='word_1_237' title='bbox 688 3236 726 3286; x_wconf 90' lang='lat' dir='ltr'>ibi</span> <span class='ocrx_word' id='word_1_238' title='bbox 755 3236 788 3285; x_wconf 92' lang='lat' dir='ltr'>ab</span> <span class='ocrx_word' id='word_1_239' title='bbox 809 3239 846 3287; x_wconf 87' lang='lat' dir='ltr'>eis</span> <span class='ocrx_word' id='word_1_240' title='bbox 866 3237 966 3287; x_wconf 85' lang='lat' dir='ltr'>sactum</span> <span class='ocrx_word' id='word_1_241' title='bbox 986 3246 1042 3299; x_wconf 87' lang='lat' dir='ltr'>est,</span> <span class='ocrx_word' id='word_1_242' title='bbox 1067 3256 1120 3308; x_wconf 91' lang='lat' dir='ltr'>quo</span> <span class='ocrx_word' id='word_1_243' title='bbox 1139 3237 1256 3287; x_wconf 78' lang='lat' dir='ltr'>Simonis</span> <span class='ocrx_word' id='word_1_244' title='bbox 1276 3238 1496 3287; x_wconf 84' lang='lat' dir='ltr'>scelestissimum</span> 
     </span>
     <span class='ocr_line' id='line_1_27' title="bbox 399 3304 1494 3376; baseline 0.004 -23"><span class='ocrx_word' id='word_1_245' title='bbox 399 3304 603 3373; x_wconf 76' lang='lat' dir='ltr'>impietatisque</span> <span class='ocrx_word' id='word_1_246' title='bbox 622 3306 731 3372; x_wconf 86' lang='lat' dir='ltr'>plenum</span> <span class='ocrx_word' id='word_1_247' title='bbox 759 3307 854 3359; x_wconf 90' lang='lat' dir='ltr'>vitium</span> <span class='ocrx_word' id='word_1_248' title='bbox 876 3306 1088 3369; x_wconf 80' lang='lat' dir='ltr'>excindebatnr‚</span> <span class='ocrx_word' id='word_1_249' title='bbox 1110 3308 1238 3358; x_wconf 85' lang='lat' dir='ltr'>videlicet</span> <span class='ocrx_word' id='word_1_250' title='bbox 1255 3323 1290 3357; x_wconf 88' lang='lat' dir='ltr'>ne</span> <span class='ocrx_word' id='word_1_251' title='bbox 1310 3308 1392 3358; x_wconf 82' lang='lat' dir='ltr'>ullam</span> <span class='ocrx_word' id='word_1_252' title='bbox 1411 3323 1494 3376; x_wconf 89' lang='lat' dir='ltr'>cape-</span> 
     </span>
     <span class='ocr_line' id='line_1_28' title="bbox 401 3373 1496 3447; baseline 0.004 -23"><span class='ocrx_word' id='word_1_253' title='bbox 401 3381 462 3425; x_wconf 82' lang='lat' dir='ltr'><strong>rent</strong></span> <span class='ocrx_word' id='word_1_254' title='bbox 482 3373 510 3425; x_wconf 91' lang='lat' dir='ltr'>in</span> <span class='ocrx_word' id='word_1_255' title='bbox 529 3374 762 3441; x_wconf 63' lang='lat' dir='ltr'>dissignationibus</span> <span class='ocrx_word' id='word_1_256' title='bbox 783 3379 944 3447; x_wconf 86' lang='lat' dir='ltr'>pecuniam,</span> <span class='ocrx_word' id='word_1_257' title='bbox 973 3378 1020 3428; x_wconf 87' lang='lat' dir='ltr'>sed</span> <span class='ocrx_word' id='word_1_258' title='bbox 1043 3378 1195 3428; x_wconf 88' lang='lat' dir='ltr'>divinorum</span> <span class='ocrx_word' id='word_1_259' title='bbox 1213 3387 1241 3428; x_wconf 89' lang='lat' dir='ltr'>et</span> <span class='ocrx_word' id='word_1_260' title='bbox 1257 3394 1390 3428; x_wconf 87' lang='lat' dir='ltr'>sacrorum</span> <span class='ocrx_word' id='word_1_261' title='bbox 1411 3388 1496 3428; x_wconf 83' lang='lat' dir='ltr'>cano-</span> 
     </span>
     <span class='ocr_line' id='line_1_29' title="bbox 400 3446 1494 3515; baseline 0.003 -20"><span class='ocrx_word' id='word_1_262' title='bbox 400 3461 487 3507; x_wconf 90' lang='lat' dir='ltr'>num,</span> <span class='ocrx_word' id='word_1_263' title='bbox 509 3446 627 3505; x_wconf 78' lang='lat' dir='ltr'>vicesimi</span> <span class='ocrx_word' id='word_1_264' title='bbox 655 3450 720 3497; x_wconf 91' lang='lat' dir='ltr'>noni</span> <span class='ocrx_word' id='word_1_265' title='bbox 749 3456 777 3499; x_wconf 87' lang='lat' dir='ltr'>et</span> <span class='ocrx_word' id='word_1_266' title='bbox 798 3450 946 3515; x_wconf 77' lang='lat' dir='ltr'>trigesimi,</span> <span class='ocrx_word' id='word_1_267' title='bbox 970 3450 1132 3499; x_wconf 85' lang='lat' dir='ltr'>sententiam</span> <span class='ocrx_word' id='word_1_268' title='bbox 1153 3448 1309 3499; x_wconf 82' lang='lat' dir='ltr'>inviolatam</span> <span class='ocrx_word' id='word_1_269' title='bbox 1337 3448 1494 3498; x_wconf 85' lang='lat' dir='ltr'>retinerent.</span> 
     </span>
     <span class='ocr_line' id='line_1_30' title="bbox 402 3514 1495 3587; baseline 0.002 -23"><span class='ocrx_word' id='word_1_270' title='bbox 402 3514 500 3584; x_wconf 89' lang='lat' dir='ltr'>quodsi</span> <span class='ocrx_word' id='word_1_271' title='bbox 517 3517 596 3578; x_wconf 87' lang='lat' dir='ltr'>nlius,</span> <span class='ocrx_word' id='word_1_272' title='bbox 617 3519 773 3587; x_wconf 79' lang='lat' dir='ltr'>quicunque</span> <span class='ocrx_word' id='word_1_273' title='bbox 793 3528 881 3580; x_wconf 81' lang='lat' dir='ltr'>esset,</span> <span class='ocrx_word' id='word_1_274' title='bbox 900 3521 1054 3586; x_wconf 88' lang='lat' dir='ltr'>praesulum</span> <span class='ocrx_word' id='word_1_275' title='bbox 1084 3518 1134 3569; x_wconf 87' lang='lat' dir='ltr'>hos</span> <span class='ocrx_word' id='word_1_276' title='bbox 1153 3535 1269 3568; x_wconf 86' lang='lat' dir='ltr'>canones</span> <span class='ocrx_word' id='word_1_277' title='bbox 1289 3520 1423 3578; x_wconf 81' lang='lat' dir='ltr'>transiret,</span> <span class='ocrx_word' id='word_1_278' title='bbox 1442 3520 1495 3567; x_wconf 89' lang='lat' dir='ltr'>iam</span> 
     </span>
     <span class='ocr_line' id='line_1_31' title="bbox 401 3588 1495 3653; baseline 0.002 -17"><span class='ocrx_word' id='word_1_279' title='bbox 401 3593 458 3636; x_wconf 91' lang='lat' dir='ltr'>tum</span> <span class='ocrx_word' id='word_1_280' title='bbox 476 3602 571 3653; x_wconf 79' lang='lat' dir='ltr'>perse</span> <span class='ocrx_word' id='word_1_281' title='bbox 604 3588 741 3639; x_wconf 82' lang='lat' dir='ltr'>iunctione</span> <span class='ocrx_word' id='word_1_282' title='bbox 760 3590 879 3639; x_wconf 85' lang='lat' dir='ltr'>muueris</span> <span class='ocrx_word' id='word_1_283' title='bbox 908 3590 949 3639; x_wconf 91' lang='lat' dir='ltr'>sui</span> <span class='ocrx_word' id='word_1_284' title='bbox 969 3590 1105 3639; x_wconf 88' lang='lat' dir='ltr'>deiectum</span> <span class='ocrx_word' id='word_1_285' title='bbox 1126 3605 1185 3639; x_wconf 85' lang='lat' dir='ltr'>esse</span> <span class='ocrx_word' id='word_1_286' title='bbox 1206 3588 1382 3640; x_wconf 86' lang='lat' dir='ltr'>nihilomiuus</span> <span class='ocrx_word' id='word_1_287' title='bbox 1404 3596 1495 3638; x_wconf 86' lang='lat' dir='ltr'>tamen</span> 
     </span>
     <span class='ocr_line' id='line_1_32' title="bbox 401 3656 1495 3728; baseline 0.004 -24"><span class='ocrx_word' id='word_1_288' title='bbox 401 3656 573 3707; x_wconf 87' lang='lat' dir='ltr'>embaticinm</span> <span class='ocrx_word' id='word_1_289' title='bbox 590 3657 667 3726; x_wconf 88' lang='lat' dir='ltr'>(doni</span> <span class='ocrx_word' id='word_1_290' title='bbox 685 3659 774 3709; x_wconf 89' lang='lat' dir='ltr'>nescio</span> <span class='ocrx_word' id='word_1_291' title='bbox 789 3659 865 3728; x_wconf 86' lang='lat' dir='ltr'>qnid,</span> <span class='ocrx_word' id='word_1_292' title='bbox 884 3658 959 3727; x_wconf 88' lang='lat' dir='ltr'>quod</span> <span class='ocrx_word' id='word_1_293' title='bbox 981 3660 1059 3709; x_wconf 88' lang='lat' dir='ltr'>initio</span> <span class='ocrx_word' id='word_1_294' title='bbox 1078 3657 1198 3726; x_wconf 90' lang='lat' dir='ltr'>daretur)</span> <span class='ocrx_word' id='word_1_295' title='bbox 1219 3659 1302 3727; x_wconf 81' lang='lat' dir='ltr'>accipi</span> <span class='ocrx_word' id='word_1_296' title='bbox 1322 3659 1495 3727; x_wconf 83' lang='lat' dir='ltr'>permisereo</span> 
     </span>
     <span class='ocr_line' id='line_1_33' title="bbox 399 3724 1497 3797; baseline 0.002 -22"><span class='ocrx_word' id='word_1_297' title='bbox 399 3724 595 3793; x_wconf 83' lang='lat' dir='ltr'>indulgentiam</span> <span class='ocrx_word' id='word_1_298' title='bbox 609 3730 705 3797; x_wconf 88' lang='lat' dir='ltr'>poenis</span> <span class='ocrx_word' id='word_1_299' title='bbox 717 3728 823 3796; x_wconf 79' lang='lat' dir='ltr'>dignam</span> <span class='ocrx_word' id='word_1_300' title='bbox 836 3730 920 3779; x_wconf 89' lang='lat' dir='ltr'>malae</span> <span class='ocrx_word' id='word_1_301' title='bbox 934 3728 1036 3779; x_wconf 88' lang='lat' dir='ltr'>arboris</span> <span class='ocrx_word' id='word_1_302' title='bbox 1048 3728 1187 3779; x_wconf 87' lang='lat' dir='ltr'>decussere</span> <span class='ocrx_word' id='word_1_303' title='bbox 1202 3728 1275 3791; x_wconf 80' lang='lat' dir='ltr'>solia,</span> <span class='ocrx_word' id='word_1_304' title='bbox 1288 3737 1316 3778; x_wconf 89' lang='lat' dir='ltr'>et</span> <span class='ocrx_word' id='word_1_305' title='bbox 1327 3746 1412 3778; x_wconf 90' lang='lat' dir='ltr'>ramos</span> <span class='ocrx_word' id='word_1_306' title='bbox 1422 3728 1497 3777; x_wconf 86' lang='lat' dir='ltr'>exci-</span> 
     </span>
     <span class='ocr_line' id='line_1_34' title="bbox 401 3794 1496 3868; baseline 0.002 -23"><span class='ocrx_word' id='word_1_307' title='bbox 401 3794 508 3860; x_wconf 89' lang='lat' dir='ltr'>derunt,</span> <span class='ocrx_word' id='word_1_308' title='bbox 520 3806 601 3868; x_wconf 84' lang='lat' dir='ltr'>atque</span> <span class='ocrx_word' id='word_1_309' title='bbox 614 3802 698 3867; x_wconf 81' lang='lat' dir='ltr'>ipsam</span> <span class='ocrx_word' id='word_1_310' title='bbox 714 3799 782 3851; x_wconf 85' lang='lat' dir='ltr'>adeo</span> <span class='ocrx_word' id='word_1_311' title='bbox 797 3801 936 3851; x_wconf 78' lang='lat' dir='ltr'>arborem:</span> <span class='ocrx_word' id='word_1_312' title='bbox 958 3800 1006 3850; x_wconf 88' lang='lat' dir='ltr'>sed</span> <span class='ocrx_word' id='word_1_313' title='bbox 1021 3800 1137 3849; x_wconf 88' lang='lat' dir='ltr'>radicem</span> <span class='ocrx_word' id='word_1_314' title='bbox 1148 3800 1324 3867; x_wconf 80' lang='lat' dir='ltr'>reliquerunt.</span> <span class='ocrx_word' id='word_1_315' title='bbox 1341 3798 1414 3866; x_wconf 88' lang='lat' dir='ltr'>quod</span> <span class='ocrx_word' id='word_1_316' title='bbox 1427 3798 1496 3858; x_wconf 90' lang='lat' dir='ltr'>dico,</span> 
     </span>
     <span class='ocr_line' id='line_1_35' title="bbox 401 3864 1498 3939; baseline 0.004 -26"><span class='ocrx_word' id='word_1_317' title='bbox 401 3864 453 3915; x_wconf 90' lang='lat' dir='ltr'>hoc</span> <span class='ocrx_word' id='word_1_318' title='bbox 473 3876 522 3918; x_wconf 88' lang='lat' dir='ltr'>est.</span> <span class='ocrx_word' id='word_1_319' title='bbox 542 3870 766 3921; x_wconf 80' lang='lat' dir='ltr'>nundinationem</span> <span class='ocrx_word' id='word_1_320' title='bbox 788 3870 896 3939; x_wconf 89' lang='lat' dir='ltr'>quidem</span> <span class='ocrx_word' id='word_1_321' title='bbox 908 3870 1087 3921; x_wconf 88' lang='lat' dir='ltr'>Simoniacam</span> <span class='ocrx_word' id='word_1_322' title='bbox 1104 3869 1305 3922; x_wconf 87' lang='lat' dir='ltr'>ordinationum</span> <span class='ocrx_word' id='word_1_323' title='bbox 1324 3867 1498 3937; x_wconf 78' lang='lat' dir='ltr'>amputarunt</span> 
     </span>
     <span class='ocr_line' id='line_1_36' title="bbox 404 3933 1497 4011; baseline 0.002 -26"><span class='ocrx_word' id='word_1_324' title='bbox 404 3933 453 3985; x_wconf 81' lang='lat' dir='ltr'>sed</span> <span class='ocrx_word' id='word_1_325' title='bbox 471 3936 596 4002; x_wconf 87' lang='lat' dir='ltr'>radicem,</span> <span class='ocrx_word' id='word_1_326' title='bbox 616 3957 713 4009; x_wconf 88' lang='lat' dir='ltr'>nempe</span> <span class='ocrx_word' id='word_1_327' title='bbox 732 3958 827 3991; x_wconf 86' lang='lat' dir='ltr'>munus</span> <span class='ocrx_word' id='word_1_328' title='bbox 845 3940 918 4011; x_wconf 90' lang='lat' dir='ltr'>quod</span> <span class='ocrx_word' id='word_1_329' title='bbox 940 3942 1020 3992; x_wconf 90' lang='lat' dir='ltr'>initio</span> <span class='ocrx_word' id='word_1_330' title='bbox 1039 3940 1128 4002; x_wconf 87' lang='lat' dir='ltr'>datur,</span> <span class='ocrx_word' id='word_1_331' title='bbox 1150 3941 1326 4009; x_wconf 85' lang='lat' dir='ltr'>reliquerunt,</span> <span class='ocrx_word' id='word_1_332' title='bbox 1346 3949 1377 3989; x_wconf 89' lang='lat' dir='ltr'>ut</span> <span class='ocrx_word' id='word_1_333' title='bbox 1394 3939 1497 3988; x_wconf 81' lang='lat' dir='ltr'>scilicet</span> 
     </span>
    </p>

    <p class='ocr_par' dir='ltr' id='par_1_5' title="bbox 331 4004 1497 4078">
     <span class='ocr_line' id='line_1_37' title="bbox 331 4004 1497 4078; baseline 0.003 -25"><span class='ocrx_word' id='word_1_334' title='bbox 331 4031 335 4038; x_wconf 97' lang='lat'>-</span> <span class='ocrx_word' id='word_1_335' title='bbox 405 4020 439 4053; x_wconf 86' lang='lat' dir='ltr'>ne</span> <span class='ocrx_word' id='word_1_336' title='bbox 459 4004 566 4059; x_wconf 81' lang='lat' dir='ltr'>deesset</span> <span class='ocrx_word' id='word_1_337' title='bbox 585 4018 772 4061; x_wconf 74' lang='lat' dir='ltr'>carrsa&#39;rursus</span> <span class='ocrx_word' id='word_1_338' title='bbox 793 4011 962 4078; x_wconf 83' lang='lat' dir='ltr'>germinandi</span> <span class='ocrx_word' id='word_1_339' title='bbox 987 4020 1015 4062; x_wconf 91' lang='lat' dir='ltr'>et</span> <span class='ocrx_word' id='word_1_340' title='bbox 1033 4010 1171 4061; x_wconf 88' lang='lat' dir='ltr'>crescendi</span> <span class='ocrx_word' id='word_1_341' title='bbox 1191 4010 1342 4078; x_wconf 85' lang='lat' dir='ltr'>punitionis</span> <span class='ocrx_word' id='word_1_342' title='bbox 1361 4008 1434 4077; x_wconf 91' lang='lat' dir='ltr'>apud</span> <span class='ocrx_word' id='word_1_343' title='bbox 1452 4010 1497 4058; x_wconf 90' lang='lat' dir='ltr'>in-</span> 
     </span>
    </p>

    <p class='ocr_par' dir='ltr' id='par_1_6' title="bbox 315 4074 1553 4292">
     <span class='ocr_line' id='line_1_38' title="bbox 315 4074 1553 4150; baseline 0.002 -26"><span class='ocrx_word' id='word_1_344' title='bbox 315 4093 319 4107; x_wconf 87' lang='lat'><strong>·</strong></span> <span class='ocrx_word' id='word_1_345' title='bbox 406 4074 477 4124; x_wconf 86' lang='lat' dir='ltr'>feros</span> <span class='ocrx_word' id='word_1_346' title='bbox 504 4077 601 4128; x_wconf 89' lang='lat' dir='ltr'>arbori.</span> <span class='ocrx_word' id='word_1_347' title='bbox 650 4081 741 4132; x_wconf 87' lang='lat' dir='ltr'>audite</span> <span class='ocrx_word' id='word_1_348' title='bbox 770 4082 836 4150; x_wconf 91' lang='lat' dir='ltr'>quid</span> <span class='ocrx_word' id='word_1_349' title='bbox 860 4084 893 4133; x_wconf 71' lang='lat' dir='ltr'>&#39;in</span> <span class='ocrx_word' id='word_1_350' title='bbox 923 4082 994 4133; x_wconf 89' lang='lat' dir='ltr'>libro</span> <span class='ocrx_word' id='word_1_351' title='bbox 1022 4090 1141 4133; x_wconf 90' lang='lat' dir='ltr'>actorum</span> <span class='ocrx_word' id='word_1_352' title='bbox 1170 4081 1354 4149; x_wconf 85' lang='lat' dir='ltr'>apostolorum</span> <span class='ocrx_word' id='word_1_353' title='bbox 1383 4078 1496 4129; x_wconf 88' lang='lat' dir='ltr'>dicatur.</span> <span class='ocrx_word' id='word_1_354' title='bbox 1550 4118 1553 4121; x_wconf 86' lang='lat'><strong>.</strong></span> 
     </span>
     <span class='ocr_line' id='line_1_39' title="bbox 404 4146 1544 4223; baseline 0.004 -30"><span class='ocrx_word' id='word_1_355' title='bbox 404 4160 464 4193; x_wconf 90' lang='lat' dir='ltr'>curn</span> <span class='ocrx_word' id='word_1_356' title='bbox 492 4146 602 4197; x_wconf 86' lang='lat' dir='ltr'>vidisset</span> <span class='ocrx_word' id='word_1_357' title='bbox 632 4160 721 4201; x_wconf 87' lang='lat' dir='ltr'>autem</span> <span class='ocrx_word' id='word_1_358' title='bbox 751 4152 843 4203; x_wconf 90' lang='lat' dir='ltr'>Simon</span> <span class='ocrx_word' id='word_1_359' title='bbox 870 4170 917 4219; x_wconf 89' lang='lat' dir='ltr'>per</span> <span class='ocrx_word' id='word_1_360' title='bbox 948 4153 1148 4223; x_wconf 86' lang='lat' dir='ltr'>impositionem</span> <span class='ocrx_word' id='word_1_361' title='bbox 1166 4169 1292 4201; x_wconf 89' lang='lat' dir='ltr'>manuum</span> <span class='ocrx_word' id='word_1_362' title='bbox 1313 4150 1498 4217; x_wconf 85' lang='lat' dir='ltr'>apostolorum</span> <span class='ocrx_word' id='word_1_363' title='bbox 1534 4199 1544 4207; x_wconf 22' lang='lat' dir='ltr'>x</span> 
     </span>
     <span class='ocr_line' id='line_1_40' title="bbox 405 4213 1498 4292; baseline 0.004 -29"><span class='ocrx_word' id='word_1_364' title='bbox 405 4213 463 4263; x_wconf 83' lang='lat' dir='ltr'>clari</span> <span class='ocrx_word' id='word_1_365' title='bbox 484 4216 606 4282; x_wconf 87' lang='lat' dir='ltr'>spiritum</span> <span class='ocrx_word' id='word_1_366' title='bbox 627 4229 765 4283; x_wconf 88' lang='lat' dir='ltr'>sanctum,</span> <span class='ocrx_word' id='word_1_367' title='bbox 794 4223 895 4274; x_wconf 87' lang='lat' dir='ltr'>obtulit</span> <span class='ocrx_word' id='word_1_368' title='bbox 920 4225 957 4274; x_wconf 85' lang='lat' dir='ltr'>eis</span> <span class='ocrx_word' id='word_1_369' title='bbox 987 4225 1130 4292; x_wconf 87' lang='lat' dir='ltr'>pecunias,</span> <span class='ocrx_word' id='word_1_370' title='bbox 1148 4238 1178 4270; x_wconf 92' lang='lat' dir='ltr'>ac</span> <span class='ocrx_word' id='word_1_371' title='bbox 1197 4220 1266 4271; x_wconf 74' lang='lat' dir='ltr'>dixit</span> <span class='ocrx_word' id='word_1_372' title='bbox 1284 4219 1366 4269; x_wconf 89' lang='lat' dir='ltr'>“date</span> <span class='ocrx_word' id='word_1_373' title='bbox 1385 4217 1498 4269; x_wconf 87' lang='lat' dir='ltr'>etmihi</span> 
     </span>
    </p>

    <p class='ocr_par' dir='ltr' id='par_1_7' title="bbox 362 4289 1500 4499">
     <span class='ocr_line' id='line_1_41' title="bbox 362 4289 1500 4362; baseline 0.004 -27"><span class='ocrx_word' id='word_1_374' title='bbox 362 4294 363 4297; x_wconf 78' lang='grc'>’</span> <span class='ocrx_word' id='word_1_375' title='bbox 405 4292 584 4354; x_wconf 77' lang='lat' dir='ltr'>potestatem,</span> <span class='ocrx_word' id='word_1_376' title='bbox 612 4295 640 4338; x_wconf 91' lang='lat' dir='ltr'>ut</span> <span class='ocrx_word' id='word_1_377' title='bbox 662 4289 809 4354; x_wconf 75' lang='lat' dir='ltr'>edilium,</span> <span class='ocrx_word' id='word_1_378' title='bbox 839 4296 991 4362; x_wconf 88' lang='lat' dir='ltr'>cuicunque</span> <span class='ocrx_word' id='word_1_379' title='bbox 1014 4311 1108 4343; x_wconf 88' lang='lat' dir='ltr'>manus</span> <span class='ocrx_word' id='word_1_380' title='bbox 1134 4308 1206 4342; x_wconf 88' lang='lat' dir='ltr'>meas</span> <span class='ocrx_word' id='word_1_381' title='bbox 1226 4294 1389 4359; x_wconf 88' lang='lat' dir='ltr'>imposuero,</span> <span class='ocrx_word' id='word_1_382' title='bbox 1408 4290 1500 4339; x_wconf 86' lang='lat' dir='ltr'>veniat</span> 
     </span>
     <span class='ocr_line' id='line_1_42' title="bbox 406 4355 1500 4431; baseline 0.002 -26"><span class='ocrx_word' id='word_1_383' title='bbox 406 4362 513 4405; x_wconf 82' lang='lat' dir='ltr'>sanctus</span> <span class='ocrx_word' id='word_1_384' title='bbox 543 4355 678 4422; x_wconf 82' lang='lat' dir='ltr'>spiritns.&#39;&#39;</span> <span class='ocrx_word' id='word_1_385' title='bbox 713 4360 805 4411; x_wconf 83' lang='lat' dir='ltr'>Petrus</span> <span class='ocrx_word' id='word_1_386' title='bbox 828 4378 890 4413; x_wconf 84' lang='lat' dir='ltr'>vero</span> <span class='ocrx_word' id='word_1_387' title='bbox 920 4364 989 4414; x_wconf 71' lang='lat' dir='ltr'>disis</span> <span class='ocrx_word' id='word_1_388' title='bbox 1013 4364 1036 4412; x_wconf 91' lang='lat' dir='ltr'>ei</span> <span class='ocrx_word' id='word_1_389' title='bbox 1067 4364 1197 4431; x_wconf 86' lang='lat' dir='ltr'>pecuniae</span> <span class='ocrx_word' id='word_1_390' title='bbox 1230 4370 1292 4411; x_wconf 89' lang='lat' dir='ltr'>tuae</span> <span class='ocrx_word' id='word_1_391' title='bbox 1313 4370 1341 4411; x_wconf 92' lang='lat' dir='ltr'>et</span> <span class='ocrx_word' id='word_1_392' title='bbox 1359 4369 1387 4411; x_wconf 87' lang='lat' dir='ltr'>tu</span> <span class='ocrx_word' id='word_1_393' title='bbox 1406 4360 1464 4410; x_wconf 85' lang='lat' dir='ltr'>sitis</span> <span class='ocrx_word' id='word_1_394' title='bbox 1484 4377 1500 4407; x_wconf 83' lang='lat' dir='ltr'>a</span> 
     </span>
     <span class='ocr_line' id='line_1_43' title="bbox 406 4424 1499 4499; baseline 0.002 -22"><span class='ocrx_word' id='word_1_395' title='bbox 406 4424 592 4479; x_wconf 84' lang='lat' dir='ltr'>communione</span> <span class='ocrx_word' id='word_1_396' title='bbox 622 4426 727 4493; x_wconf 84' lang='lat' dir='ltr'>piorum</span> <span class='ocrx_word' id='word_1_397' title='bbox 752 4434 880 4498; x_wconf 79' lang='lat' dir='ltr'>segregati</span> <span class='ocrx_word' id='word_1_398' title='bbox 912 4441 939 4484; x_wconf 87' lang='lat' dir='ltr'>et</span> <span class='ocrx_word' id='word_1_399' title='bbox 969 4434 997 4483; x_wconf 91' lang='lat' dir='ltr'>in</span> <span class='ocrx_word' id='word_1_400' title='bbox 1026 4434 1137 4484; x_wconf 82' lang='lat' dir='ltr'>exitium</span> <span class='ocrx_word' id='word_1_401' title='bbox 1158 4432 1261 4481; x_wconf 83' lang='lat' dir='ltr'>aeterni</span> <span class='ocrx_word' id='word_1_402' title='bbox 1279 4432 1348 4499; x_wconf 78' lang='lat' dir='ltr'>ignis</span> <span class='ocrx_word' id='word_1_403' title='bbox 1369 4429 1499 4491; x_wconf 85' lang='lat' dir='ltr'>execrati,</span> 
     </span>
    </p>
   </div>
   <div class='ocr_carea' id='block_1_5' title="bbox 0 0 1875 5350">
    <p class='ocr_par' dir='ltr' id='par_1_8' title="bbox 0 0 1875 5350">
     <span class='ocr_line' id='line_1_44' title="bbox 0 0 1875 5350; baseline 0 0"><span class='ocrx_word' id='word_1_404' title='bbox 0 0 1875 5350; x_wconf 95' lang='lat' dir='ltr'> </span> 
     </span>
    </p>
   </div>
  </div>
 </body>
</html>
