3692 5350
477 580 526 685 ιιο
927 530 1122 653 msroml
1192 630 1194 637 ,

474 739 530 800 κατ’
548 735 705 820 μηχανῆν,
727 738 861 819 ἐξῆλθον
887 735 918 804 οἱ
948 736 1036 804 ἐνδον
1055 746 1188 807 ,πολῖται
1219 742 1264 823 εἰς
1282 737 1324 804 τύ
1339 736 1404 819 ἐξω
1426 740 1568 830 κύοτρον,

473 835 665 921 φοβούμενοι
685 833 731 918 μῆ
754 835 944 925 εἶσβοὶλωσιν
966 836 1054 904 ἔνδον
1072 844 1186 921 τειχῶν
1206 844 1246 926 τῇ
1263 838 1349 929 δρμῆ
1370 839 1483 933 αύτῶνε

558 932 597 1000 Οἱ
627 939 762 1019 Τυῦρκοι
784 927 840 999 οὖν
860 935 920 1018 τῆν
948 929 1079 1022 αύριον,
1099 937 1199 1013 εύθύς
1221 934 1289 1020 ἅμα
1313 944 1412 1021 πρωΐ,
1433 942 1569 1022 πόλεμον

470 1034 641 1118 στήσαντες
664 1039 719 1099 καί
739 1032 858 1119 δρόμον
876 1040 977 1119 μέγαν
996 1036 1157 1118 μετὰτῶν
1175 1038 1397 1105 ἵππωναύτῶν
1419 1042 1567 1122 εἰσῆλθον

469 1138 580 1199 πολλοὶ
600 1135 662 1198 α’πό
685 1136 740 1219 τῆς
761 1134 961 1218 χαλάστριας
978 1138 1035 1200 καί
1053 1140 1241 1219 ἐκυρίευσαν
1263 1141 1318 1202 καί
1337 1142 1400 1203 τῶν
1420 1140 1590 1222 μεχύλιονὸ

387 1247 410 1312 ⁸,
467 1239 593 1317 τειχῶν,
616 1240 670 1299 καί
690 1233 833 1316 σκύπιρα
853 1233 964 1299 ἔθεντο
980 1232 1085 1300 ἐπάνω
1100 1239 1162 1300 τῶν
1177 1227 1316 1318 πύργων,
1330 1236 1396 1313 ούς
1410 1242 1465 1304 καί
1483 1224 1565 1304 θεαζ-

466 1336 599 1412 σῶμενοι
621 1332 650 1396 οἱ
674 1331 844 1411 Βυζάντιοι
866 1330 1064 1417 ἐπολέμησαν
1093 1341 1262 1417 γενναίως·
1305 1340 1360 1401 καί
1378 1334 1489 1403 ἐπεσον
1509 1340 1564 1403 τό·

466 1456 519 1497 σοι
547 1427 744 1514 ἑκατέρωθεν
772 1428 852 1496 ῶστε
881 1426 954 1496 ούτε
973 1432 1048 1509 τούς
1069 1431 1130 1513 ἐξω
1158 1432 1205 1498 ἐτι
1228 1433 1389 1500 δύνασθαι
1407 1440 1562 1502 εἰσελθεῖν

465 1526 536 1596 ούτε
555 1530 628 1605 τούς
661 1528 751 1596 ἐνδον
772 1536 911 1610 ἐξελθεῖν
940 1533 1001 1597 ano·
1024 1536 1086 1599 τῶν
1115 1534 1299 1615 ἐμετρήτων
1321 1539 1477 1619 σωμάτων
1499 1542 1561 1602 τῶν

465 1634 591 1717 νεκρῶν.
633 1627 755 1713 ἐγένετο
784 1632 843 1715 γὰρ
881 1631 898 1696 ὅ
930 1632 1035 1715 σ’ωρὸς
1056 1636 1110 1717 τῆς
1140 1630 1283 1717 πληθύος
1310 1638 1372 1701 τῶν
1402 1634 1560 1702 πεσόντων
1572 1649 1603 1701 tt

421 1734 581 1815 τινεκρῶν
599 1737 697 1816 μέχρι
726 1732 852 1827 ripaltam
883 1736 990 1797 ου’τῶν
1020 1737 1082 1800 τῶν
1104 1738 1211 1798 πυλῶν
1230 1738 1292 1800 τῶν
1313 1740 1438 1817 τειχῶν,
1459 1733 1559 1819 πύλης

464 1836 613 1913 Χερσοῦς
641 1832 696 1897 καί
724 1837 782 1897 τοῦ
812 1832 911 1917 ἁγίου,
930 1833 1097 1914 Ῥωμανσύ
1107 1883 1115 1915 ,
1138 1835 1181 1910 ῶς
1200 1833 1347 1919 ἐφαίνετο
1367 1837 1556 1919 ἐπικειμένη.

460 1929 516 1993 καὶ
534 1926 633 2005 ούτως
655 1930 927 2014 ύπερισχύσαντες
951 1930 980 1998 οἱ
1003 1935 1170 2019 Ἀχαρηνοὶ
1189 1933 1336 2015 εἰσῆλθον
1367 1929 1426 1997 οἶνοί
1452 1936 1557 1997 πᾶσαν

425 2055 439 2096 f
460 2030 516 2112 τῆν
536 2035 612 2095 ποτὲ
634 2035 692 2112 μὲν
723 2036 893 2116 περιφανῆ,
914 2032 1166 2117 δυστυχεστάτην
1200 2032 1235 2095 δὲ
1263 2028 1366 2096 ἔκτοτε
1385 2032 1476 2096 πόλιν
1497 2035 1557 2096 τού

462 2134 715 2195 Κωνσταντίνου.
757 2136 812 2196 καί
835 2127 919 2196 odam
941 2136 1064 2215 γέγονεν
1085 2130 1104 2214 ῆ
1127 2128 1246 2205 ἅλωσις
1265 2131 1320 2213 τῆς
1340 2129 1472 2215 α’ρίστης
1492 2137 1597 2194 τῶν15

459 2228 581 2295 πόλεων
610 2228 749 2323 ταύτης,
770 2234 805 2297 ἐν
826 2229 890 2296 ἐτει
912 2229 1021 2324 ,ςῇξαζ
1040 2229 1117 2315 μηνὶ
1137 2230 1222 2316 μαΐῳ
1244 2225 1303 2315 κθ’,
1325 2228 1429 2319 ῆμέρρ
1451 2232 1554 2319 τρίτη,

459 2333 553 2415 πρωΐ.
1351 2384 1353 2389 κ

544 2432 606 2511 Τῆς
629 2428 746 2511 ἀνοχῆς
778 2451 853 2508 σου,
878 2432 1018 2517 δέσποτα
1037 2428 1277 2511 παντοκράτωρ,
1300 2421 1348 2491 ὅτι
1371 2428 1553 2511 ἐμακροθύ-

458 2551 564 2610 μησας
584 2531 640 2591 καί
664 2531 766 2592 ταῦτα
799 2518 970 2610 γενέσθαι,
992 2519 1013 2609 ῆ
1035 2530 1158 2608 μᾶλλον
1181 2529 1287 2605 εἰπεῖν,
1311 2524 1550 2610 παρεχῶρησας.

456 2625 505 2702 τίς
523 2625 596 2711 γὰρ’
614 2624 693 2711 ἔγνω
721 2627 778 2691 νοΐ
779 2651 796 2691 ν
825 2629 958 2710 κυρίου,
990 2623 1010 2712 ῆ
1031 2628 1078 2702 τίς
1106 2625 1284 2710 σύμβουλος
1307 2628 1391 2714 αὐτῷ
1412 2626 1529 2710 ἐγένετο
1542 2642 1595 2702 320

453 2730 502 2802 τίς
525 2721 583 2790 σύν
606 2727 811 2810 λιθοκῶρδιύς
833 2730 933 2810 ἐστιν,
958 2726 993 2803 ὃς
1015 2728 1147 2793 δύναται
1167 2725 1213 2811 μῆ
1235 2731 1372 2791 κλαῦσαι
1395 2729 1449 2790 καί
1468 2730 1549 2809 θ’ρη-

452 2827 547 2908 νῆσαι
567 2825 624 2891 τὸν
643 2830 783 2892 τοιοῦτον
803 2830 1011 2912 λεηλατισμὸν
1043 2831 1098 2893 καί
1118 2826 1302 2913 α”φανισμὸν
1323 2829 1377 2910 τῆς
1397 2809 1554 2907 cadamo?

1330 3005 1339 3030 Ι

455 3091 564 3143 suntin
585 3091 745 3141 exteriorem
772 3092 843 3142 inter
861 3091 929 3142 dnos
958 3097 1047 3142 snriros
1069 3090 1267 3152 munitionem,
1293 3090 1418 3157 qnoniam
1438 3098 1546 3144 metus-

383 3227 386 3230 *
453 3161 521 3212 bant
544 3162 723 3228 gravissimam
742 3161 827 3212 hostis
849 3165 988 3232 impeturn,
1008 3179 1042 3212 ne
1064 3163 1133 3224 intra
1153 3162 1258 3210 moenia
1276 3159 1444 3229 irrumperet.

524 3248 627 3298 Tuscae
648 3249 729 3315 igitur
746 3249 892 3321 postridie,
916 3250 1001 3318 prima
1021 3250 1110 3310 statim
1134 3249 1208 3308 luce,
1229 3249 1377 3318 equisaeti
1397 3249 1474 3300 cnrsu
1494 3249 1544 3301 ad-

452 3320 772 3388 vectioppugnationem
802 3322 955 3372 intulerunt
982 3321 1041 3371 urbi
1061 3321 1250 3386 gravissimam·
1297 3337 1328 3370 ac
1346 3321 1424 3372 multi
1443 3338 1543 3385 eornm,

453 3407 506 3460 qna
527 3400 602 3458 parte
628 3391 721 3442 ruinae
740 3393 864 3442 iacebant
881 3393 970 3454 mori,
990 3393 1142 3455 irruerunt,
1168 3399 1196 3448 et
1215 3392 1316 3457 magnis
1337 3392 1417 3444 etiam
1435 3393 1543 3443 aroeni-

452 3461 503 3513 bus
523 3463 603 3531 potiti
624 3464 697 3529 signa
724 3479 773 3513 sna
800 3465 828 3513 in
848 3462 966 3513 turribus
994 3463 1083 3512 fixere.
1105 3471 1320 3531 repugnaverunt
1339 3464 1458 3528 Byzantii
1480 3465 1541 3516 ani·
1597 3501 1601 3512 .

450 3550 539 3597 mose3
568 3550 599 3584 sc
625 3540 722 3584 tantos·
743 3533 870 3601 utrinque
896 3549 1023 3583 numerus
1047 3549 1182 3584 caesorum
1216 3534 1268 3584 fuit
1295 3543 1325 3590 ut
1343 3550 1393 3584 nec
1411 3535 1458 3604 qui
1477 3533 1541 3584 soris

451 3614 543 3666 erant,
563 3605 679 3674 amplios
698 3608 808 3672 possent
826 3603 944 3671 ingredi,
958 3603 1072 3672 necqui
1093 3605 1184 3666 intus,
1205 3604 1294 3672 egredi
1317 3622 1381 3673 prae
1399 3606 1540 3655 innumero

451 3676 607 3728 cadaverum
627 3691 732 3726 acervo.
764 3676 791 3723 <is
811 3676 881 3726 enim
903 3678 954 3724 iam
976 3675 1048 3743 ipsas
1074 3683 1210 3742 portarum
1233 3675 1377 3742 Chersonis
1395 3684 1422 3726 et
1439 3676 1465 3725 S.
1487 3678 1540 3726 llo·

370 3751 373 3756 '
452 3749 523 3798 mani
544 3748 659 3798 fornices
692 3744 852 3805 altitudine,
881 3745 1079 3816 adaequaverat
1099 3764 1162 3810 sua,
1183 3747 1219 3798 ita
1240 3756 1270 3799 ut
1290 3755 1366 3816 porta
1384 3745 1539 3796 incumbere

452 3817 625 3869 carlareribus
645 3817 789 3869 videretur.
826 3819 862 3868 ita
883 3817 984 3867 viribus
1006 3817 1168 3870 valentiores
1182 3819 1246 3870 facti
1264 3817 1370 3892 barpari
1390 3818 1539 3868 universam

452 3900 626 3954 pervaserunt
642 3890 725 3949 illam,
748 3887 882 3958 quondam
906 3888 1044 3952 inclytam,
1064 3897 1128 3941 tnnc
1145 3885 1208 3939 aero
1227 3886 1446 3948 infelicissimam,
1465 3889 1537 3939 Con-

452 3961 563 4023 stantini
584 3960 685 4010 urbem.
723 3961 774 4010 hoc
792 3960 872 4009 modo
892 3971 1045 4026 expugnata
1068 3962 1119 4011 luit
1133 3958 1360 4030 praestantissima
1378 3956 1447 4009 haec
1467 3960 1539 4017 urbs.

452 4030 643 4081 annemundi
676 4034 765 4082 sexies
795 4031 937 4081 millesimo
973 4033 1186 4098 nongentesimo·
1207 4027 1370 4094 sexagesimo
1403 4047 1473 4092 rino,
1494 4028 1540 4080 die

452 4097 517 4148 Maii
537 4098 580 4158 29,
602 4104 648 4169 qui
669 4105 765 4154 tertios
784 4101 963 4153 hebdomadis
983 4112 1049 4178 erat,
1069 4111 1190 4170 ternpore
1211 4099 1353 4149 matutino.
1383 4143 1384 4148 ,

535 4185 600 4235 Hem
619 4188 790 4240 tolerantiam
817 4199 913 4252 tuam,
934 4191 1041 4242 domine
1059 4190 1246 4254 omnipotens,
1274 4187 1320 4255 qni
1339 4183 1404 4236 haec
1421 4186 1459 4237 ita
1480 4186 1537 4236 fieri

451 4256 608 4307 sustinueris
637 4267 683 4307 aut
707 4262 796 4326 potius
822 4264 982 4328 permiseris.
1031 4259 1079 4310 sed
1107 4258 1166 4326 quis
1188 4257 1262 4308 novit
1281 4265 1395 4308 mentem
1415 4256 1537 4310 domini?

451 4334 499 4378 aut
516 4327 576 4395 quis
594 4327 618 4375 ei
639 4343 654 4376 a
675 4330 793 4380 consiliis
814 4331 883 4383 init?
928 4333 988 4399 quis
1009 4331 1045 4379 ita
1064 4344 1144 4378 saxeo
1158 4327 1238 4378 corde
1256 4335 1298 4378 est
1316 4328 1362 4396 qui
1381 4343 1436 4378 non
1455 4329 1537 4377 lacri-

452 4405 560 4460 metur,
590 4398 719 4466 quinon
735 4397 860 4467 deploret
882 4410 983 4452 tantam
1013 4398 1221 4467 spoliationem,
1240 4406 1340 4449 tantam
1359 4397 1536 4456 abolitionem
1578 4445 1587 4454 ,

453 4470 527 4522 urbis
544 4477 607 4520 ante
625 4468 691 4521 alias
710 4469 773 4520 olim
785 4470 956 4522 felicissimae
977 4471 1090 4521 illustris
1107 4477 1190 4540 atque
1205 4468 1373 4538 imperiosae,
1393 4485 1464 4532 nanc
1485 4485 1536 4520 su·
