3692 5350
427 517 528 632 '248'
812 568 867 631 on
894 566 1025 631 uenus
1058 565 1166 631 eninr

443 766 557 834 σκεψιν
580 748 634 816 διαὶ
655 749 756 836 φόβον
774 755 837 815 τοῖν
867 749 1014 834 Τούρκων
1036 753 1095 828 ἕως
1115 752 1150 819 τὸ
1166 750 1253 819 1709
1275 747 1353 833 ἔτος,
1377 740 1549 835 &sitien

444 850 614 937 οἶρχιερευς
637 854 683 926 εἰς
704 848 804 935 αυ’τη“ν
826 851 843 915 o‘
864 850 1102 935 Κωνσιάντιος,
1130 846 1298 936 ἅνθρωπος
1328 848 1475 936 ἐνάρετος
1497 851 1550 915 καί

445 949 554 1040 σοφός.
599 952 672 1018 ὅδὲ
694 949 945 1032 κακοδιονύσιος,
970 951 986 1015 ὅ
1012 957 1068 1018 τοῦ
1090 952 1189 1017 αὑτοῦ
1218 948 1454 1036 ἐπαγγέλματος
1475 952 1550 1015 α’νιὶ-

445 1062 532 1136 ξιος,
552 1051 663 1141 φυγών
698 1055 942 1143 μετ’,αἰσχιίνης
972 1057 1089 1137 πολλῆς
1119 1053 1173 1118 κἀί
1199 1049 1303 1139 φόβου
1328 1055 1451 1117 ἐκεῖθεν
1472 1048 1551 1135 πρὸς

415 1217 417 1220 .
444 1157 482 1225 τὰ
502 1162 586 1241 μέρη
605 1159 662 1240 τῆς
677 1153 815 1229 Ἰταλίας
833 1157 1019 1239 κατέφυγεν.
1063 1155 1168 1238 σ’λίγον
1191 1157 1226 1218 δὲ
1248 1147 1360 1237 καιρόν
1380 1154 1574 1236 διατρίψαςο

444 1262 490 1335 εἷς
511 1254 569 1331 τοῖς
597 1260 672 1321 ε’κεϊι
681 1253 808 1335 πόλεις,
838 1248 1020 1345 η’λθεικακῇ
1050 1254 1131 1343 τύχῃ
1153 1256 1243 1339 ἡμῶν
1264 1257 1309 1329 εἰς
1328 1252 1460 1327 τούτους
1478 1249 1553 1324 τούς

445 1358 573 1438 τόπους,
596 1356 649 1421 καί
665 1354 864 1441 ἐκατοίκησεν
885 1358 932 1431 είς
951 1356 986 1421 τό
1007 1346 1062 1422 rori
1084 1353 1175 1439 ἁγίου
1189 1357 1376 1440 Δημητρίου
1391 1350 1554 1437 μοναστὴ-

448 1483 516 1546 ριον
536 1458 570 1524 τὸ
591 1452 710 1545 μεταξυ
735 1457 799 1519 τῶν
818 1454 949 1540 χωρίων
971 1457 1163 1539 Κεραοόβου
1186 1458 1240 1520 καί
1255 1451 1554 1537 Ῥαντοβιήτηκεί-

446 1571 552 1643 μενον,
576 1558 622 1631 εἰς
644 1553 679 1619 τὸ
703 1553 808 1620 ὁποῖον
830 1548 904 1637 ἦτον
924 1552 1086 1639 πρότερον.
1121 1556 1295 1640 διατρίψας
1317 1557 1352 1619 δὲ
1373 1555 1444 1618 ε’κεῖ
1459 1556 1554 1637 α’ρκε-

446 1652 502 1727 Ιτὸν
520 1654 633 1741 καιρὸν
652 1660 771 1739 κατέβη
804 1653 912 1721 ἔπειτα
937 1660 983 1732 είς
1007 1655 1044 1720 τά
1069 1655 1247 1741 Ἰωάννινα,
1271 1650 1350 1719 ὅπου
1376 1648 1445 1738 εἶχε
1466 1652 1592 1728 τινάςλθ

449 1762 581 1847 φίλους,
602 1755 657 1821 καί
686 1751 763 1821 ἰδοίν
786 1755 861 1833 τούς
888 1752 1048 1841 Τούριίους
1077 1759 1207 1840 ’ὀλίγους
1243 1759 1298 1823 καί
1331 1756 1553 1831 κατοικοῦντας

366 1918 373 1923 .
448 1858 510 1939 ἔξω
531 1861 590 1922 τοῦ
623 1855 761 1940 κὰστρου
793 1859 961 1942 ἐμελέτησε
996 1857 1116 1943 βουλὴν
1146 1855 1402 1942 δυστυχεστάτην
1433 1859 1480 1931 είς
1499 1853 1554 1939 τήν

428 1956 540 2025 πόλιν
562 1955 699 2043 ταύτην·
756 1963 810 2024 καί
839 1957 992 2025 εἰσελθών
1014 1956 1059 2035 εἴς
1086 1983 1158 2023 τινα
1180 1956 1273 2045 φίλον
1296 1981 1364 2040 του,
1387 1960 1495 2041 Ταγᾶν
1518 1954 1550 2025 το

449 2058 567 2145 ὄνομα,
591 2064 645 2126 καί
665 2058 782 2137 ἄλλους
803 2060 1002 2146 γνωρίμους,
1023 2066 1246 2143 κυινολογεῖσαι
1268 2056 1345 2143 πρὸς
1366 2054 1485 2135 αὐτούς
1508 2054 1562 2125 ὅτι

371 2180 373 2184 ’
434 2163 545 2244 Υἔκαμε
563 2160 597 2228 τὸ
619 2159 799 2246 θεμάτων,
831 2161 886 2240 καί
916 2160 970 2226 διαὶ
1000 2163 1056 2245 τῆς
1078 2161 1282 2245 οίστρολογιάς
1314 2158 1484 2243 ἐγνώρισεν
1507 2156 1591 2228 tute

447 2266 555 2349 μέλλει
583 2264 620 2329 νὰ
641 2268 714 2352 γένῃ
746 2261 966 2349 ἐλευθερωτής
997 2254 1053 2345 ὅχι
1070 2264 1167 2344 μόνον
1190 2265 1251 2329 τῶν
1269 2263 1452 2329 Ἰωαννίνων
1475 2260 1578 2327 ἄλλοι

362 2361 365 2374 ’
449 2368 505 2431 καί
526 2369 587 2431 τῶν
609 2367 726 2429 λοιπῶν
747 2365 891 2441 πόλεων,
913 2360 1052 2444 μάλιστα
1074 2365 1129 2427 καί
1155 2365 1199 2441 εἰς
1220 2361 1275 2447 τήν
1297 2360 1555 2428 Κωνσταντινοιί.

406 2493 411 2500 ’·
447 2471 540 2536 πολιν
561 2464 602 2530 νίν
639 2467 784 2554 είσελθη,
821 2466 878 2530 καί
908 2463 1004 2539 αὐτὸς
1040 2459 1056 2529 ὃ
1086 2463 1235 2547 βασιλευς
1266 2462 1301 2529 νοὶ
1330 2460 1383 2527 τόν
1415 2466 1555 2551 οηκωθῇ.

448 2572 570 2635 ἐκεῖθεν
595 2568 629 2631 δὲ
652 2564 791 2645 ἐξελθών
812 2565 851 2631 τοὶ
874 2567 938 2630 ταῖν
958 2559 1144 2633 Ἰωαννίνων
1172 2564 1336 2650 περίχωρα
1361 2567 1417 2630 καί
1435 2562 1477 2629 τοὶ
1499 2566 1557 2635 τοῦ

349 2684 352 2688 ’
450 2672 608 2755 σ’νωτὲρσυ
631 2669 861 2753 ἶμοναστηρίου
889 2666 943 2732 καί
973 2661 1071 2743 οἴλλας
1097 2665 1207 2751 χώρας
1224 2666 1424 2754 περιήρχετο,
1448 2670 1593 2754 φέρωνλθ

449 2773 590 2841 πλόσκαν
624 2771 679 2836 ε’πί
698 2772 756 2835 τοῦ
785 2764 899 2854 ὤμου,
919 2773 974 2834 καί
995 2771 1109 2854 κιρναῖν
1131 2767 1204 2844 τους
1225 2766 1383 2853 γεωργούς
1403 2773 1554 2850 ποιμένας

413 2889 416 2892 ’
449 2872 623 2955 βουκόλους
640 2871 695 2937 καί
711 2864 827 2948 ἄλλους
842 2869 1013 2957 χωρικους,
1031 2872 1266 2952 προοοικειοῦτο
1280 2866 1445 2956 τοιούτους
1459 2873 1556 2935 αἰται·

452 2971 583 3052 δεύτους
604 2977 659 3039 καί
681 2972 861 3056 ἀπολέμους
881 2972 1084 3059 στρατιώτας.

453 3260 632 3324 inficiebant,
652 3278 739 3334 usque
760 3261 795 3314 ad
813 3278 914 3314 annum
937 3260 1022 3326 1709,
1051 3280 1109 3314 cum
1137 3257 1203 3315 illuc
1221 3263 1361 3316 adveniret
1378 3253 1554 3320 Constantius
1594 3253 1596 3260 '

453 3335 687 3404 archiepiscopus,
701 3334 782 3386 homo
801 3336 902 3386 virtute
922 3343 950 3387 et
969 3336 1103 3405 sapientia
1121 3335 1270 3405 praeditus.
1304 3336 1443 3407 improbus
1463 3327 1564 3390 autem'

453 3406 609 3473 Dionysius,
630 3404 733 3459 honore
755 3423 804 3458 auo
823 3405 959 3475 indignus,
979 3424 1039 3458 cum
1058 3407 1144 3460 multo
1165 3406 1297 3459 dedecore
1317 3416 1345 3460 et
1366 3417 1470 3461 terrore
1491 3410 1554 3462 inde

453 3476 486 3530 in‘
501 3478 635 3544 regionem
654 3478 751 3529 Italiae
770 3478 902 3546 confugit.
930 3477 1021 3530 ‘breve
1048 3487 1139 3530 autem
1164 3487 1271 3549 tempus
1290 3479 1319 3530 in
1343 3479 1418 3532 illiue
1440 3481 1554 3532 urbibus
1600 3533 1624 3550 „

452 3558 590 3609 moratus,
617 3548 791 3601 ad'noatram
820 3551 1000 3602 calamitatem
1029 3551 1057 3601 in
1077 3550 1125 3602 hae
1145 3558 1230 3602 terrae
1253 3551 1341 3614 venit,
1373 3553 1449 3604 etin
1469 3550 1554 3605 sancti
1608 3557 1610 3562 '

453 3621 584 3673 Demetrii
603 3621 766 3672 monasterio
788 3620 931 3685 habitavit,
951 3622 1026 3692 quod
1044 3623 1115 3673 inter
1127 3622 1296 3674 Kerueobum
1319 3632 1346 3673 et
1361 3624 1554 3676 Bantobietum

453 3695 536 3745 eitum
553 3700 603 3753 eat,
624 3693 652 3742 in
673 3709 727 3762 quo
747 3692 858 3760 quidem
876 3695 929 3744 iam
950 3701 1030 3744 antea
1053 3693 1149 3754 suerat.
1181 3702 1300 3746 moratur
1321 3703 1413 3746 autem
1431 3694 1471 3746 ibi
1492 3697 1554 3747 diu-

453 3767 517 3831 tius,
538 3765 697 3815 loanninam
716 3763 807 3827 rediit,
830 3765 875 3816 ubi
896 3765 995 3816 amieos
1014 3765 1146 3836 quosdam
1166 3765 1304 3829 habebut,
1324 3775 1431 3818 etcum
1451 3768 1552 3819 ‘Furcae

454 3854 511 3889 ease
530 3852 629 3905 pauooe
652 3844 680 3887 et
697 3843 773 3886 extra
791 3836 931 3889 castelium
951 3835 1076 3888 habiture
1093 3839 1221 3899 vidisset,
1242 3837 1387 3892 consilium
1404 3837 1471 3890 huic
1483 3839 1551 3890 'urbi

454 3907 671 3960 infelicissimum
684 3909 856 3975 excogitavit,
876 3917 904 3959 et
920 3907 956 3959 ad
971 3909 1085 3962 amioum
1101 3907 1235 3978 quendam
1252 3909 1373 3972 ventem,
1392 3911 1435 3960 cui
1455 3928 1552 3963 nomen

455 3988 512 4031 erat
531 3979 637 4046 Tagae,
655 3987 685 4029 et
704 3979 738 4030 ad
757 3980 843 4043 alioe,
861 3998 929 4050 qnos
950 3988 1045 4045 norat,
1065 3998 1124 4032 curn
1146 3980 1179 4031 iie
1198 3981 1393 4043 communicat,
1420 3982 1476 4033 eibi
1495 3999 1552 4034 eeee

453 4068 622 4121 persuasum,
644 4059 672 4102 et
689 4051 835 4120 astrologia
854 4069 882 4104 ee
900 4052 1073 4119 cognovisse,
1097 4053 1170 4116 fore,
1191 4060 1222 4104 ut
1244 4053 1376 4104 liberator
1393 4053 1472 4106 fieret
1499 4071 1553 4104 uon

454 4121 536 4174 modo
558 4123 710 4183 loanniuae‚
728 4121 776 4174 aed
795 4125 878 4175 etiam
897 4123 1004 4174 urbium
1024 4131 1182 4186 ceterarum,
1203 4133 1285 4194 atque
1302 4123 1369 4176 adeo
1393 4125 1552 4177 Constanti-

455 4194 578 4261 nopolim
598 4193 802 4260 ingrederetur,
832 4205 860 4247 et
888 4212 934 4246 rex
956 4196 1014 4265 ipae
1035 4212 1094 4256 eum
1114 4195 1193 4264 modo
1216 4195 1298 4264 digno
1317 4191 1459 4265 aeciperet.
1496 4204 1553 4248 tum

456 4265 523 4314 exiit
544 4272 571 4315 et
588 4266 711 4332 regiones
729 4268 877 4320 ioanninae
898 4274 926 4318 et
946 4267 1050 4318 altioris
1070 4267 1227 4336 monasterii
1247 4275 1275 4319 et
1294 4269 1362 4318 ¹aliua
1385 4275 1470 4319 terrae
1489 4285 1553 4337 per-

456 4334 575 4402 agravit,
596 4344 702 4402 geatam
721 4354 766 4389 vae
785 4339 902 4407 ligneum
922 4339 952 4390 in
974 4337 1092 4392 humeris
1111 4348 1139 4392 et
1158 4339 1280 4392 alliciens
1302 4338 1441 4407 agricolae,
1460 4348 1554 4410 paeto·

458 4423 507 4469 rm,
528 4396 660 4459 bubuttoa
679 4407 802 4482 aliosque
817 4412 884 4466 rurie
902 4409 1033 4476 colonos,
1053 4413 1122 4465 talea
1142 4409 1221 4465 rodes
1240 4419 1268 4466 et
1281 4411 1355 4466 belli
1372 4410 1481 4480 ignaros
1501 4411 1553 4465 eibi

457 4475 614 4534 conciliavit
632 4475 740 4532 mttttee.
1170 4527 1171 4530 ,
