<?xml version="1.0" encoding="UTF-8"?>
<!DOCTYPE html PUBLIC "-//W3C//DTD XHTML 1.0 Transitional//EN"
    "http://www.w3.org/TR/xhtml1/DTD/xhtml1-transitional.dtd">
<html xmlns="http://www.w3.org/1999/xhtml" xml:lang="en" lang="en">
 <head>
  <title>
</title>
<meta http-equiv="Content-Type" content="text/html;charset=utf-8" />
  <meta name='ocr-system' content='tesseract 3.04.00' />
  <meta name='ocr-capabilities' content='ocr_page ocr_carea ocr_par ocr_line ocrx_word'/>
</head>
<body>
  <div class='ocr_page' id='page_1' title='image "./historiapolitic00bekkgoog_0162.png"; bbox 0 0 3692 5350; ppageno 0'>
   <div class='ocr_carea' id='block_1_1' title="bbox 470 595 1108 665">
    <p class='ocr_par' dir='ltr' id='par_1_1' title="bbox 470 595 1108 665">
     <span class='ocr_line' id='line_1_1' title="bbox 470 595 1108 665; baseline 0.002 -3"><span class='ocrx_word' id='word_1_1' title='bbox 470 595 540 664; x_wconf 87' lang='lat'>150</span> <span class='ocrx_word' id='word_1_2' title='bbox 912 598 1108 665; x_wconf 73' lang='lat' dir='ltr'>HISTORIA</span> 
     </span>
    </p>
   </div>
   <div class='ocr_carea' id='block_1_2' title="bbox 411 745 1615 2992">
    <p class='ocr_par' dir='ltr' id='par_1_2' title="bbox 411 745 1615 2992">
     <span class='ocr_line' id='line_1_2' title="bbox 552 745 938 831; baseline 0.003 -18"><span class='ocrx_word' id='word_1_3' title='bbox 552 750 733 831; x_wconf 82' lang='grc' dir='ltr'><strong><em>Παχώμιος</em></strong></span> <span class='ocrx_word' id='word_1_4' title='bbox 755 745 770 810; x_wconf 87' lang='lat' dir='ltr'>o‘</span> <span class='ocrx_word' id='word_1_5' title='bbox 794 753 938 830; x_wconf 79' lang='grc' dir='ltr'><strong><em>Ζιχνοόν,</em></strong></span> 
     </span>
     <span class='ocr_line' id='line_1_3' title="bbox 554 844 1061 931; baseline -0.008 -19"><span class='ocrx_word' id='word_1_6' title='bbox 554 849 697 927; x_wconf 82' lang='grc' dir='ltr'><strong><em>Ἰωοκείμ</em></strong></span> <span class='ocrx_word' id='word_1_7' title='bbox 721 845 815 909; x_wconf 74' lang='grc' dir='ltr'><strong><em>πάλιν</em></strong></span> <span class='ocrx_word' id='word_1_8' title='bbox 836 844 871 909; x_wconf 83' lang='grc' dir='ltr'>τὸ</span> <span class='ocrx_word' id='word_1_9' title='bbox 892 846 1061 931; x_wconf 74' lang='grc' dir='ltr'><strong><em>δεύτερον,</em></strong></span> 
     </span>
     <span class='ocr_line' id='line_1_4' title="bbox 552 941 1348 1027; baseline -0.006 -17"><span class='ocrx_word' id='word_1_10' title='bbox 552 947 731 1027; x_wconf 81' lang='grc' dir='ltr'><strong><em>Παχώμιος</em></strong></span> <span class='ocrx_word' id='word_1_11' title='bbox 752 943 847 1008; x_wconf 84' lang='grc' dir='ltr'><strong><em>ποὶλιν</em></strong></span> <span class='ocrx_word' id='word_1_12' title='bbox 867 949 921 1009; x_wconf 80' lang='grc' dir='ltr'><strong><em>καί</em></strong></span> <span class='ocrx_word' id='word_1_13' title='bbox 942 941 1037 1018; x_wconf 71' lang='lat' dir='ltr'>uiroc</span> <span class='ocrx_word' id='word_1_14' title='bbox 1059 943 1093 1009; x_wconf 81' lang='grc' dir='ltr'>τό</span> <span class='ocrx_word' id='word_1_15' title='bbox 1115 942 1275 1027; x_wconf 74' lang='grc' dir='ltr'><strong><em>δεύτερον.</em></strong></span> <span class='ocrx_word' id='word_1_16' title='bbox 1340 989 1348 1000; x_wconf 67' lang='grc'><strong><em>,</em></strong></span> 
     </span>
     <span class='ocr_line' id='line_1_5' title="bbox 550 1044 1570 1127; baseline -0.002 -19"><span class='ocrx_word' id='word_1_17' title='bbox 550 1046 617 1109; x_wconf 76' lang='grc' dir='ltr'>Ἐπί</span> <span class='ocrx_word' id='word_1_18' title='bbox 637 1047 692 1127; x_wconf 78' lang='grc' dir='ltr'>τῆς</span> <span class='ocrx_word' id='word_1_19' title='bbox 710 1049 939 1127; x_wconf 81' lang='grc' dir='ltr'><strong><em>πατριαρχείας</em></strong></span> <span class='ocrx_word' id='word_1_20' title='bbox 953 1045 1069 1107; x_wconf 81' lang='grc' dir='ltr'><strong><em>τούτου</em></strong></span> <span class='ocrx_word' id='word_1_21' title='bbox 1091 1047 1150 1107; x_wconf 74' lang='grc' dir='ltr'>τοῦ</span> <span class='ocrx_word' id='word_1_22' title='bbox 1170 1045 1272 1124; x_wconf 81' lang='grc' dir='ltr'>κυροῦ</span> <span class='ocrx_word' id='word_1_23' title='bbox 1287 1044 1472 1125; x_wconf 80' lang='grc' dir='ltr'><strong><em>Παχωμίοο</em></strong></span> <span class='ocrx_word' id='word_1_24' title='bbox 1495 1045 1570 1106; x_wconf 73' lang='grc' dir='ltr'><strong><em>α’πέ·</em></strong></span> 
     </span>
     <span class='ocr_line' id='line_1_6' title="bbox 411 1133 1592 1224; baseline -0.005 -16"><span class='ocrx_word' id='word_1_25' title='bbox 411 1162 461 1215; x_wconf 81' lang='lat'>152</span> <span class='ocrx_word' id='word_1_26' title='bbox 470 1149 583 1222; x_wconf 74' lang='grc' dir='ltr'><strong><em>θανεν,</em></strong></span> <span class='ocrx_word' id='word_1_27' title='bbox 605 1142 647 1218; x_wconf 75' lang='grc' dir='ltr'>ὦς</span> <span class='ocrx_word' id='word_1_28' title='bbox 678 1141 830 1223; x_wconf 79' lang='grc' dir='ltr'>εἴπαμεν,</span> <span class='ocrx_word' id='word_1_29' title='bbox 855 1141 871 1205; x_wconf 84' lang='grc' dir='ltr'><strong><em>δ</em></strong></span> <span class='ocrx_word' id='word_1_30' title='bbox 895 1143 1089 1220; x_wconf 81' lang='grc' dir='ltr'><strong><em>σοολτοὶνος,</em></strong></span> <span class='ocrx_word' id='word_1_31' title='bbox 1110 1138 1187 1204; x_wconf 83' lang='grc' dir='ltr'><strong><em>ὁποῦ</em></strong></span> <span class='ocrx_word' id='word_1_32' title='bbox 1208 1133 1281 1223; x_wconf 77' lang='grc' dir='ltr'><strong><em>η’τον</em></strong></span> <span class='ocrx_word' id='word_1_33' title='bbox 1303 1145 1452 1224; x_wconf 74' lang='grc' dir='ltr'>δεύτερος</span> <span class='ocrx_word' id='word_1_34' title='bbox 1473 1147 1592 1220; x_wconf 81' lang='grc' dir='ltr'><strong><em>βασι-5</em></strong></span> 
     </span>
     <span class='ocr_line' id='line_1_7' title="bbox 469 1237 1573 1324; baseline -0.004 -18"><span class='ocrx_word' id='word_1_35' title='bbox 469 1242 551 1317; x_wconf 63' lang='lat' dir='ltr'>ierit.</span> <span class='ocrx_word' id='word_1_36' title='bbox 595 1239 734 1324; x_wconf 79' lang='grc' dir='ltr'><strong><em>ἕγινεδὲ</em></strong></span> <span class='ocrx_word' id='word_1_37' title='bbox 756 1241 773 1302; x_wconf 84' lang='grc' dir='ltr'><strong><em>δ</em></strong></span> <span class='ocrx_word' id='word_1_38' title='bbox 798 1239 987 1314; x_wconf 61' lang='lat' dir='ltr'>attentent</span> <span class='ocrx_word' id='word_1_39' title='bbox 1007 1244 1145 1304; x_wconf 80' lang='grc' dir='ltr'><strong><em>σοολτᾶν</em></strong></span> <span class='ocrx_word' id='word_1_40' title='bbox 1166 1243 1310 1323; x_wconf 78' lang='grc' dir='ltr'><strong><em>Σολίμης.</em></strong></span> <span class='ocrx_word' id='word_1_41' title='bbox 1353 1237 1440 1321; x_wconf 79' lang='grc' dir='ltr'><strong><em>ὅμως</em></strong></span> <span class='ocrx_word' id='word_1_42' title='bbox 1465 1237 1482 1303; x_wconf 79' lang='grc' dir='ltr'>ὅ</span> <span class='ocrx_word' id='word_1_43' title='bbox 1506 1239 1573 1322; x_wconf 61' lang='grc' dir='ltr'>αδ-ι</span> 
     </span>
     <span class='ocr_line' id='line_1_8' title="bbox 468 1336 1570 1423; baseline -0.005 -18"><span class='ocrx_word' id='word_1_44' title='bbox 468 1339 523 1416; x_wconf 85' lang='grc' dir='ltr'>τδς</span> <span class='ocrx_word' id='word_1_45' title='bbox 547 1336 746 1421; x_wconf 80' lang='grc' dir='ltr'><em>πατριάρχης</em></span> <span class='ocrx_word' id='word_1_46' title='bbox 769 1341 933 1419; x_wconf 70' lang='grc' dir='ltr'><strong><em>ἐποίμαινε</em></strong></span> <span class='ocrx_word' id='word_1_47' title='bbox 956 1338 1012 1422; x_wconf 81' lang='grc' dir='ltr'>την</span> <span class='ocrx_word' id='word_1_48' title='bbox 1041 1337 1206 1423; x_wconf 79' lang='grc' dir='ltr'><strong><em>ἐκκλησίαν</em></strong></span> <span class='ocrx_word' id='word_1_49' title='bbox 1247 1344 1304 1403; x_wconf 82' lang='grc' dir='ltr'>τοῦ</span> <span class='ocrx_word' id='word_1_50' title='bbox 1334 1341 1485 1423; x_wconf 78' lang='grc' dir='ltr'><strong><em>Χριστοῦ</em></strong></span> <span class='ocrx_word' id='word_1_51' title='bbox 1513 1364 1570 1401; x_wconf 84' lang='grc' dir='ltr'><strong><em>κα..</em></strong></span> 
     </span>
     <span class='ocr_line' id='line_1_9' title="bbox 469 1435 1571 1522; baseline -0.002 -18"><span class='ocrx_word' id='word_1_52' title='bbox 469 1444 532 1516; x_wconf 80' lang='grc' dir='ltr'>λαῖς</span> <span class='ocrx_word' id='word_1_53' title='bbox 565 1444 619 1503; x_wconf 92' lang='grc' dir='ltr'><strong><em>καί</em></strong></span> <span class='ocrx_word' id='word_1_54' title='bbox 646 1442 844 1522; x_wconf 76' lang='grc' dir='ltr'><strong><em>θεαρέστως,</em></strong></span> <span class='ocrx_word' id='word_1_55' title='bbox 866 1436 997 1513; x_wconf 78' lang='grc' dir='ltr'><strong><em>ἔσοντας</em></strong></span> <span class='ocrx_word' id='word_1_56' title='bbox 1024 1436 1062 1503; x_wconf 74' lang='lat' dir='ltr'>ul</span> <span class='ocrx_word' id='word_1_57' title='bbox 1088 1435 1231 1503; x_wconf 79' lang='grc' dir='ltr'><strong><em>παδσοον</em></strong></span> <span class='ocrx_word' id='word_1_58' title='bbox 1260 1437 1297 1503; x_wconf 80' lang='grc' dir='ltr'>τὰ</span> <span class='ocrx_word' id='word_1_59' title='bbox 1327 1438 1510 1517; x_wconf 77' lang='grc' dir='ltr'><strong><em>σκάνδαλα,</em></strong></span> <span class='ocrx_word' id='word_1_60' title='bbox 1538 1436 1571 1502; x_wconf 80' lang='grc' dir='ltr'><strong><em>αἶ</em></strong></span> 
     </span>
     <span class='ocr_line' id='line_1_10' title="bbox 470 1538 945 1620; baseline -0.008 -17"><span class='ocrx_word' id='word_1_61' title='bbox 470 1538 649 1620; x_wconf 63' lang='grc' dir='ltr'><strong><em>σογχιῖσεις.</em></strong></span> <span class='ocrx_word' id='word_1_62' title='bbox 942 1583 945 1586; x_wconf 44' lang='grc'><em>.</em></span> 
     </span>
     <span class='ocr_line' id='line_1_11' title="bbox 550 1634 1608 1722; baseline 0.002 -23"><span class='ocrx_word' id='word_1_63' title='bbox 550 1634 753 1721; x_wconf 79' lang='grc' dir='ltr'><strong><em>Ἡτοιμάσθη</em></strong></span> <span class='ocrx_word' id='word_1_64' title='bbox 776 1640 812 1702; x_wconf 83' lang='grc' dir='ltr'>δὲ</span> <span class='ocrx_word' id='word_1_65' title='bbox 836 1637 916 1718; x_wconf 72' lang='grc' dir='ltr'>μετὰ</span> <span class='ocrx_word' id='word_1_66' title='bbox 942 1636 1079 1721; x_wconf 78' lang='grc' dir='ltr'><strong><em>ἡμέρας,</em></strong></span> <span class='ocrx_word' id='word_1_67' title='bbox 1102 1641 1156 1702; x_wconf 83' lang='grc' dir='ltr'><strong><em>καί</em></strong></span> <span class='ocrx_word' id='word_1_68' title='bbox 1177 1634 1272 1719; x_wconf 78' lang='grc' dir='ltr'><strong><em>ἔλαβε</em></strong></span> <span class='ocrx_word' id='word_1_69' title='bbox 1292 1636 1443 1719; x_wconf 80' lang='grc' dir='ltr'>μερνκοδς</span> <span class='ocrx_word' id='word_1_70' title='bbox 1466 1643 1608 1722; x_wconf 70' lang='lat' dir='ltr'>siqua-10</span> 
     </span>
     <span class='ocr_line' id='line_1_12' title="bbox 471 1732 1572 1820; baseline 0.002 -22"><span class='ocrx_word' id='word_1_71' title='bbox 471 1735 554 1815; x_wconf 81' lang='grc' dir='ltr'><strong><em>κούς,</em></strong></span> <span class='ocrx_word' id='word_1_72' title='bbox 576 1732 766 1816; x_wconf 82' lang='grc' dir='ltr'><strong><em>ἱερωμένοος</em></strong></span> <span class='ocrx_word' id='word_1_73' title='bbox 798 1740 853 1799; x_wconf 99' lang='grc' dir='ltr'><strong><em>καί</em></strong></span> <span class='ocrx_word' id='word_1_74' title='bbox 874 1736 1052 1819; x_wconf 78' lang='grc' dir='ltr'><strong><em>κοσμικοδς,</em></strong></span> <span class='ocrx_word' id='word_1_75' title='bbox 1074 1739 1130 1799; x_wconf 85' lang='grc' dir='ltr'><strong><em>καί</em></strong></span> <span class='ocrx_word' id='word_1_76' title='bbox 1149 1736 1250 1820; x_wconf 73' lang='grc' dir='ltr'><strong><em>ὑπῆγε</em></strong></span> <span class='ocrx_word' id='word_1_77' title='bbox 1270 1737 1328 1817; x_wconf 80' lang='grc' dir='ltr'>την</span> <span class='ocrx_word' id='word_1_78' title='bbox 1352 1740 1498 1817; x_wconf 82' lang='grc' dir='ltr'><strong><em>Βλαχίαν</em></strong></span> <span class='ocrx_word' id='word_1_79' title='bbox 1519 1738 1572 1800; x_wconf 78' lang='grc' dir='ltr'><strong><em>καί</em></strong></span> 
     </span>
     <span class='ocr_line' id='line_1_13' title="bbox 471 1832 1572 1919; baseline -0.001 -22"><span class='ocrx_word' id='word_1_80' title='bbox 471 1832 529 1916; x_wconf 79' lang='grc' dir='ltr'>την</span> <span class='ocrx_word' id='word_1_81' title='bbox 551 1834 748 1915; x_wconf 85' lang='grc' dir='ltr'><strong><em>Πογδανίσν.</em></strong></span> <span class='ocrx_word' id='word_1_82' title='bbox 802 1837 856 1899; x_wconf 83' lang='grc' dir='ltr'><strong><em>καί</em></strong></span> <span class='ocrx_word' id='word_1_83' title='bbox 876 1833 1056 1919; x_wconf 71' lang='grc' dir='ltr'><strong><em>ἐδέχθησαν</em></strong></span> <span class='ocrx_word' id='word_1_84' title='bbox 1088 1834 1184 1900; x_wconf 83' lang='grc' dir='ltr'><strong><em>αδτόν</em></strong></span> <span class='ocrx_word' id='word_1_85' title='bbox 1216 1833 1253 1898; x_wconf 75' lang='grc' dir='ltr'>οἵ</span> <span class='ocrx_word' id='word_1_86' title='bbox 1266 1837 1419 1898; x_wconf 77' lang='grc' dir='ltr'><strong><em>αὐθένται</em></strong></span> <span class='ocrx_word' id='word_1_87' title='bbox 1440 1841 1499 1898; x_wconf 81' lang='grc' dir='ltr'>τοῦ</span> <span class='ocrx_word' id='word_1_88' title='bbox 1518 1833 1572 1898; x_wconf 82' lang='grc' dir='ltr'>τό·</span> 
     </span>
     <span class='ocr_line' id='line_1_14' title="bbox 473 1927 1572 2020; baseline 0.003 -24"><span class='ocrx_word' id='word_1_89' title='bbox 473 1953 534 1996; x_wconf 88' lang='grc' dir='ltr'>που</span> <span class='ocrx_word' id='word_1_90' title='bbox 570 1936 691 1997; x_wconf 80' lang='grc' dir='ltr'><strong><em>ἐκείνου</em></strong></span> <span class='ocrx_word' id='word_1_91' title='bbox 727 1934 782 1999; x_wconf 83' lang='grc' dir='ltr'><strong><em>καί</em></strong></span> <span class='ocrx_word' id='word_1_92' title='bbox 809 1933 838 1999; x_wconf 80' lang='grc' dir='ltr'>οἱ</span> <span class='ocrx_word' id='word_1_93' title='bbox 868 1927 1020 2016; x_wconf 71' lang='grc' dir='ltr'>ἄρχοντες</span> <span class='ocrx_word' id='word_1_94' title='bbox 1052 1936 1106 1998; x_wconf 79' lang='grc' dir='ltr'><strong><em>καί</em></strong></span> <span class='ocrx_word' id='word_1_95' title='bbox 1138 1932 1245 2011; x_wconf 82' lang='grc' dir='ltr'><strong><em>δλοςδ</em></strong></span> <span class='ocrx_word' id='word_1_96' title='bbox 1270 1934 1443 2014; x_wconf 80' lang='grc' dir='ltr'><strong><em>λαόςμετιὶ</em></strong></span> <span class='ocrx_word' id='word_1_97' title='bbox 1472 1935 1572 2020; x_wconf 83' lang='grc' dir='ltr'><strong><em>πάσης</em></strong></span> 
     </span>
     <span class='ocr_line' id='line_1_15' title="bbox 459 2017 1571 2117; baseline 0.001 -25"><span class='ocrx_word' id='word_1_98' title='bbox 459 2017 662 2112; x_wconf 51' lang='grc' dir='ltr'><strong><em>αὖλαβείας,</em></strong></span> <span class='ocrx_word' id='word_1_99' title='bbox 698 2037 753 2096; x_wconf 83' lang='grc' dir='ltr'><strong><em>καί</em></strong></span> <span class='ocrx_word' id='word_1_100' title='bbox 773 2028 1136 2117; x_wconf 77' lang='grc' dir='ltr'><strong><em>ἐφνλοδώρησαναδτόν</em></strong></span> <span class='ocrx_word' id='word_1_101' title='bbox 1166 2035 1277 2097; x_wconf 80' lang='grc' dir='ltr'><strong><em>πολλά.</em></strong></span> <span class='ocrx_word' id='word_1_102' title='bbox 1320 2037 1374 2096; x_wconf 82' lang='grc' dir='ltr'><strong><em>καί</em></strong></span> <span class='ocrx_word' id='word_1_103' title='bbox 1394 2030 1571 2107; x_wconf 77' lang='grc' dir='ltr'><strong><em>οδτωςεδ.</em></strong></span> 
     </span>
     <span class='ocr_line' id='line_1_16' title="bbox 475 2127 1611 2224; baseline 0.004 -32"><span class='ocrx_word' id='word_1_104' title='bbox 475 2129 605 2212; x_wconf 81' lang='grc' dir='ltr'><strong><em>λα’·γησον</em></strong></span> <span class='ocrx_word' id='word_1_105' title='bbox 627 2130 756 2209; x_wconf 72' lang='grc' dir='ltr'><strong><em>αὐτούς,</em></strong></span> <span class='ocrx_word' id='word_1_106' title='bbox 780 2133 833 2196; x_wconf 77' lang='grc' dir='ltr'><strong><em>καί</em></strong></span> <span class='ocrx_word' id='word_1_107' title='bbox 858 2131 969 2212; x_wconf 81' lang='grc' dir='ltr'><strong><em>ἔλαβεν</em></strong></span> <span class='ocrx_word' id='word_1_108' title='bbox 990 2127 1118 2224; x_wconf 74' lang='grc' dir='ltr'><strong><em>ἅπασαν</em></strong></span> <span class='ocrx_word' id='word_1_109' title='bbox 1136 2132 1192 2215; x_wconf 76' lang='grc' dir='ltr'>τὴν</span> <span class='ocrx_word' id='word_1_110' title='bbox 1214 2135 1364 2196; x_wconf 76' lang='grc' dir='ltr'><strong><em>συνοδίαν</em></strong></span> <span class='ocrx_word' id='word_1_111' title='bbox 1386 2134 1497 2213; x_wconf 63' lang='lat' dir='ltr'>adron,</span> <span class='ocrx_word' id='word_1_112' title='bbox 1522 2133 1575 2196; x_wconf 79' lang='grc' dir='ltr'><strong><em>καί</em></strong></span> <span class='ocrx_word' id='word_1_113' title='bbox 1585 2154 1611 2205; x_wconf 82' lang='lat'>15</span> 
     </span>
     <span class='ocr_line' id='line_1_17' title="bbox 476 2222 1577 2316; baseline 0.005 -26"><span class='ocrx_word' id='word_1_114' title='bbox 476 2222 612 2312; x_wconf 73' lang='grc' dir='ltr'>ἤρχετον</span> <span class='ocrx_word' id='word_1_115' title='bbox 635 2232 698 2292; x_wconf 69' lang='lat' dir='ltr'>tout</span> <span class='ocrx_word' id='word_1_116' title='bbox 718 2235 762 2306; x_wconf 83' lang='grc' dir='ltr'>εἰς</span> <span class='ocrx_word' id='word_1_117' title='bbox 784 2231 839 2313; x_wconf 74' lang='grc' dir='ltr'>τήν</span> <span class='ocrx_word' id='word_1_118' title='bbox 862 2232 964 2299; x_wconf 81' lang='grc' dir='ltr'><strong><em>πόλιν.</em></strong></span> <span class='ocrx_word' id='word_1_119' title='bbox 1007 2236 1061 2294; x_wconf 79' lang='grc' dir='ltr'><strong><em>καί</em></strong></span> <span class='ocrx_word' id='word_1_120' title='bbox 1083 2228 1125 2305; x_wconf 79' lang='grc' dir='ltr'>ὥς</span> <span class='ocrx_word' id='word_1_121' title='bbox 1148 2227 1244 2314; x_wconf 75' lang='grc' dir='ltr'><strong><em>ἦλθεν</em></strong></span> <span class='ocrx_word' id='word_1_122' title='bbox 1265 2237 1309 2306; x_wconf 77' lang='grc' dir='ltr'>εἰς</span> <span class='ocrx_word' id='word_1_123' title='bbox 1330 2232 1387 2313; x_wconf 74' lang='grc' dir='ltr'>τήν</span> <span class='ocrx_word' id='word_1_124' title='bbox 1402 2233 1577 2316; x_wconf 77' lang='grc' dir='ltr'><strong><em>Σηλυβριά,</em></strong></span> 
     </span>
     <span class='ocr_line' id='line_1_18' title="bbox 478 2327 1578 2414; baseline 0.005 -24"><span class='ocrx_word' id='word_1_125' title='bbox 478 2329 712 2410; x_wconf 80' lang='grc' dir='ltr'><strong><em>ἑφαρμοὶκωσεν</em></strong></span> <span class='ocrx_word' id='word_1_126' title='bbox 730 2332 829 2394; x_wconf 80' lang='grc' dir='ltr'><strong><em>αὐτὸν</em></strong></span> <span class='ocrx_word' id='word_1_127' title='bbox 862 2327 876 2392; x_wconf 81' lang='grc' dir='ltr'><strong><em>ὃ</em></strong></span> <span class='ocrx_word' id='word_1_128' title='bbox 899 2330 1071 2412; x_wconf 83' lang='grc' dir='ltr'><strong><em>καλδγηρος</em></strong></span> <span class='ocrx_word' id='word_1_129' title='bbox 1092 2334 1210 2414; x_wconf 69' lang='lat' dir='ltr'>orituri,</span> <span class='ocrx_word' id='word_1_130' title='bbox 1233 2328 1365 2412; x_wconf 84' lang='grc' dir='ltr'><strong><em>ὀνόματι</em></strong></span> <span class='ocrx_word' id='word_1_131' title='bbox 1390 2332 1578 2412; x_wconf 82' lang='grc' dir='ltr'><strong><em>Θεόδοολος,</em></strong></span> 
     </span>
     <span class='ocr_line' id='line_1_19' title="bbox 479 2424 1580 2518; baseline 0.006 -30"><span class='ocrx_word' id='word_1_132' title='bbox 479 2425 542 2488; x_wconf 81' lang='grc' dir='ltr'><strong><em>α’πδ</em></strong></span> <span class='ocrx_word' id='word_1_133' title='bbox 567 2428 743 2515; x_wconf 76' lang='grc' dir='ltr'><strong><em>οἰναγκοσία</em></strong></span> <span class='ocrx_word' id='word_1_134' title='bbox 764 2433 856 2493; x_wconf 78' lang='grc' dir='ltr'><strong><em>τινῶν</em></strong></span> <span class='ocrx_word' id='word_1_135' title='bbox 876 2433 1042 2511; x_wconf 73' lang='grc' dir='ltr'>κληρικοῖν.</span> <span class='ocrx_word' id='word_1_136' title='bbox 1095 2434 1150 2493; x_wconf 92' lang='grc' dir='ltr'><strong><em>καί</em></strong></span> <span class='ocrx_word' id='word_1_137' title='bbox 1170 2432 1202 2494; x_wconf 82' lang='grc' dir='ltr'>ἐν</span> <span class='ocrx_word' id='word_1_138' title='bbox 1225 2433 1267 2516; x_wconf 73' lang='grc' dir='ltr'>τῷ</span> <span class='ocrx_word' id='word_1_139' title='bbox 1288 2425 1356 2508; x_wconf 71' lang='grc' dir='ltr'><strong><em>ἅμα</em></strong></span> <span class='ocrx_word' id='word_1_140' title='bbox 1378 2424 1501 2518; x_wconf 69' lang='grc' dir='ltr'>ἄρχησρ</span> <span class='ocrx_word' id='word_1_141' title='bbox 1527 2431 1580 2495; x_wconf 73' lang='grc' dir='ltr'><strong><em>καί</em></strong></span> 
     </span>
     <span class='ocr_line' id='line_1_20' title="bbox 485 2523 1580 2609; baseline 0.005 -19"><span class='ocrx_word' id='word_1_142' title='bbox 485 2529 593 2608; x_wconf 79' lang='grc' dir='ltr'><strong><em>ἑξὲρνα</em></strong></span> <span class='ocrx_word' id='word_1_143' title='bbox 618 2523 700 2606; x_wconf 79' lang='grc' dir='ltr'><strong><em>αἷμα</em></strong></span> <span class='ocrx_word' id='word_1_144' title='bbox 723 2526 784 2591; x_wconf 81' lang='grc' dir='ltr'><strong><em>α’πό</em></strong></span> <span class='ocrx_word' id='word_1_145' title='bbox 806 2525 839 2590; x_wconf 85' lang='grc' dir='ltr'>τὸ</span> <span class='ocrx_word' id='word_1_146' title='bbox 871 2528 975 2609; x_wconf 79' lang='grc' dir='ltr'><strong><em>στόμα</em></strong></span> <span class='ocrx_word' id='word_1_147' title='bbox 998 2530 1114 2608; x_wconf 69' lang='grc' dir='ltr'><strong><em>αὐτοῦ,</em></strong></span> <span class='ocrx_word' id='word_1_148' title='bbox 1134 2533 1190 2593; x_wconf 82' lang='grc' dir='ltr'><strong><em>καί</em></strong></span> <span class='ocrx_word' id='word_1_149' title='bbox 1210 2529 1296 2593; x_wconf 77' lang='grc' dir='ltr'><strong><em>κάτον</em></strong></span> <span class='ocrx_word' id='word_1_150' title='bbox 1319 2527 1381 2592; x_wconf 86' lang='grc' dir='ltr'><strong><em>α’πδ</em></strong></span> <span class='ocrx_word' id='word_1_151' title='bbox 1405 2528 1459 2594; x_wconf 82' lang='grc' dir='ltr'>τὸν</span> <span class='ocrx_word' id='word_1_152' title='bbox 1482 2529 1580 2595; x_wconf 78' lang='grc' dir='ltr'><strong><em>πάτον</em></strong></span> 
     </span>
     <span class='ocr_line' id='line_1_21' title="bbox 481 2625 1615 2715; baseline 0.003 -24"><span class='ocrx_word' id='word_1_153' title='bbox 481 2631 499 2666; x_wconf 68' lang='lat'>⁴*</span> <span class='ocrx_word' id='word_1_154' title='bbox 522 2651 577 2691; x_wconf 82' lang='lat' dir='ltr'>roo</span> <span class='ocrx_word' id='word_1_155' title='bbox 597 2625 708 2712; x_wconf 78' lang='grc' dir='ltr'><em>ἔτρεχε</em></span> <span class='ocrx_word' id='word_1_156' title='bbox 731 2627 839 2705; x_wconf 80' lang='grc' dir='ltr'><strong><em>καθώς</em></strong></span> <span class='ocrx_word' id='word_1_157' title='bbox 870 2627 905 2691; x_wconf 84' lang='grc' dir='ltr'>τὸ</span> <span class='ocrx_word' id='word_1_158' title='bbox 935 2626 1005 2711; x_wconf 83' lang='grc' dir='ltr'>νερδ</span> <span class='ocrx_word' id='word_1_159' title='bbox 1041 2627 1102 2692; x_wconf 83' lang='grc' dir='ltr'><strong><em>α’πὸ</em></strong></span> <span class='ocrx_word' id='word_1_160' title='bbox 1132 2628 1166 2694; x_wconf 85' lang='grc' dir='ltr'>τὸ</span> <span class='ocrx_word' id='word_1_161' title='bbox 1199 2630 1366 2715; x_wconf 79' lang='grc' dir='ltr'><strong><em>σωληνοὲρη</em></strong></span> <span class='ocrx_word' id='word_1_162' title='bbox 1385 2633 1413 2693; x_wconf 69' lang='grc'>“.</span> <span class='ocrx_word' id='word_1_163' title='bbox 1465 2633 1521 2694; x_wconf 80' lang='grc' dir='ltr'><strong><em>καί</em></strong></span> <span class='ocrx_word' id='word_1_164' title='bbox 1539 2626 1615 2706; x_wconf 73' lang='lat' dir='ltr'>nicto</span> 
     </span>
     <span class='ocr_line' id='line_1_22' title="bbox 480 2723 1580 2815; baseline 0.004 -24"><span class='ocrx_word' id='word_1_165' title='bbox 480 2726 554 2791; x_wconf 78' lang='grc' dir='ltr'><strong><em>ἴδον</em></strong></span> <span class='ocrx_word' id='word_1_166' title='bbox 576 2723 626 2791; x_wconf 77' lang='grc' dir='ltr'>ὅτι</span> <span class='ocrx_word' id='word_1_167' title='bbox 647 2726 803 2814; x_wconf 68' lang='grc' dir='ltr'><strong><em>α’πεθοὶνη,</em></strong></span> <span class='ocrx_word' id='word_1_168' title='bbox 829 2729 882 2793; x_wconf 82' lang='grc' dir='ltr'>τὸν</span> <span class='ocrx_word' id='word_1_169' title='bbox 903 2724 1020 2810; x_wconf 77' lang='grc' dir='ltr'><strong><em>ἔβαλαν</em></strong></span> <span class='ocrx_word' id='word_1_170' title='bbox 1047 2732 1091 2804; x_wconf 81' lang='grc' dir='ltr'>εἰς</span> <span class='ocrx_word' id='word_1_171' title='bbox 1114 2730 1217 2814; x_wconf 78' lang='grc' dir='ltr'><strong><em>α’μοὶξη</em></strong></span> <span class='ocrx_word' id='word_1_172' title='bbox 1238 2730 1294 2794; x_wconf 92' lang='grc' dir='ltr'><strong><em>καί</em></strong></span> <span class='ocrx_word' id='word_1_173' title='bbox 1314 2730 1368 2793; x_wconf 80' lang='grc' dir='ltr'>τὸν</span> <span class='ocrx_word' id='word_1_174' title='bbox 1389 2724 1515 2815; x_wconf 79' lang='grc' dir='ltr'><strong><em>ἦφεραν</em></strong></span> <span class='ocrx_word' id='word_1_175' title='bbox 1536 2732 1580 2806; x_wconf 82' lang='grc' dir='ltr'>εἰς</span> 
     </span>
     <span class='ocr_line' id='line_1_23' title="bbox 480 2824 1580 2915; baseline 0.001 -25"><span class='ocrx_word' id='word_1_176' title='bbox 480 2826 538 2907; x_wconf 79' lang='grc' dir='ltr'>τὴν</span> <span class='ocrx_word' id='word_1_177' title='bbox 558 2828 695 2913; x_wconf 77' lang='grc' dir='ltr'><strong><em>μεγάλην</em></strong></span> <span class='ocrx_word' id='word_1_178' title='bbox 715 2831 890 2915; x_wconf 80' lang='grc' dir='ltr'><strong><em>ἐκκλησίαν.</em></strong></span> <span class='ocrx_word' id='word_1_179' title='bbox 934 2831 989 2892; x_wconf 80' lang='grc' dir='ltr'><strong><em>καί</em></strong></span> <span class='ocrx_word' id='word_1_180' title='bbox 1011 2832 1068 2912; x_wconf 82' lang='grc' dir='ltr'>τῆς</span> <span class='ocrx_word' id='word_1_181' title='bbox 1088 2824 1174 2913; x_wconf 72' lang='grc' dir='ltr'><strong><em>αῗρας</em></strong></span> <span class='ocrx_word' id='word_1_182' title='bbox 1197 2833 1350 2911; x_wconf 79' lang='grc' dir='ltr'><strong><em>α’πὲθανε,</em></strong></span> <span class='ocrx_word' id='word_1_183' title='bbox 1373 2833 1428 2894; x_wconf 83' lang='grc' dir='ltr'><strong><em>καί</em></strong></span> <span class='ocrx_word' id='word_1_184' title='bbox 1448 2827 1580 2911; x_wconf 75' lang='grc' dir='ltr'><strong><em>ἔθαψαν</em></strong></span> 
     </span>
     <span class='ocr_line' id='line_1_24' title="bbox 483 2926 1551 2992; baseline 0.011 -4"><span class='ocrx_word' id='word_1_185' title='bbox 483 2926 667 2992; x_wconf 82' lang='grc' dir='ltr'><strong><em>ον’τὸνέκεΐ.</em></strong></span> <span class='ocrx_word' id='word_1_186' title='bbox 1019 2951 1022 2953; x_wconf 73' lang='grc'>’</span> <span class='ocrx_word' id='word_1_187' title='bbox 1547 2955 1551 2979; x_wconf 80' lang='lat'>¹</span> 
     </span>
    </p>
   </div>
   <div class='ocr_carea' id='block_1_3' title="bbox 549 3143 1229 3380">
    <p class='ocr_par' dir='ltr' id='par_1_3' title="bbox 549 3143 1229 3380">
     <span class='ocr_line' id='line_1_25' title="bbox 575 3143 1194 3240; baseline 0.01 -21"><span class='ocrx_word' id='word_1_188' title='bbox 575 3170 621 3219; x_wconf 87' lang='lat' dir='ltr'>VI.</span> <span class='ocrx_word' id='word_1_189' title='bbox 657 3169 815 3221; x_wconf 85' lang='lat' dir='ltr'>Pachomius</span> <span class='ocrx_word' id='word_1_190' title='bbox 834 3143 988 3221; x_wconf 84' lang='lat' dir='ltr'>Zichneusis</span> <span class='ocrx_word' id='word_1_191' title='bbox 1011 3171 1194 3240; x_wconf 78' lang='lat' dir='ltr'><strong>metropolita.</strong></span> 
     </span>
     <span class='ocr_line' id='line_1_26' title="bbox 561 3238 936 3291; baseline 0.003 -1"><span class='ocrx_word' id='word_1_192' title='bbox 561 3241 621 3290; x_wconf 85' lang='lat' dir='ltr'>vlt.</span> <span class='ocrx_word' id='word_1_193' title='bbox 658 3238 756 3290; x_wconf 85' lang='lat' dir='ltr'>lterum</span> <span class='ocrx_word' id='word_1_194' title='bbox 775 3240 936 3291; x_wconf 83' lang='lat' dir='ltr'>Ioaehimus.</span> 
     </span>
     <span class='ocr_line' id='line_1_27' title="bbox 549 3309 1229 3380; baseline 0 -22"><span class='ocrx_word' id='word_1_195' title='bbox 549 3311 621 3364; x_wconf 88' lang='lat' dir='ltr'>vttt.</span> <span class='ocrx_word' id='word_1_196' title='bbox 659 3310 813 3362; x_wconf 89' lang='lat' dir='ltr'>Pachomius</span> <span class='ocrx_word' id='word_1_197' title='bbox 834 3321 860 3362; x_wconf 88' lang='lat' dir='ltr'>et</span> <span class='ocrx_word' id='word_1_198' title='bbox 881 3313 939 3380; x_wconf 87' lang='lat' dir='ltr'>ipse</span> <span class='ocrx_word' id='word_1_199' title='bbox 958 3311 1049 3362; x_wconf 88' lang='lat' dir='ltr'>denuo</span> <span class='ocrx_word' id='word_1_200' title='bbox 1070 3309 1229 3380; x_wconf 86' lang='lat' dir='ltr'>patriarcha.</span> 
     </span>
    </p>
   </div>
   <div class='ocr_carea' id='block_1_4' title="bbox 427 3394 1577 3679">
    <p class='ocr_par' dir='ltr' id='par_1_4' title="bbox 551 3394 1577 3467">
     <span class='ocr_line' id='line_1_28' title="bbox 551 3394 1577 3467; baseline -0.003 -19"><span class='ocrx_word' id='word_1_201' title='bbox 551 3398 609 3448; x_wconf 90' lang='lat' dir='ltr'>Hoc</span> <span class='ocrx_word' id='word_1_202' title='bbox 631 3397 771 3451; x_wconf 82' lang='lat' dir='ltr'>Pachomio</span> <span class='ocrx_word' id='word_1_203' title='bbox 790 3399 969 3467; x_wconf 74' lang='lat' dir='ltr'>patriarcham</span> <span class='ocrx_word' id='word_1_204' title='bbox 992 3407 1088 3466; x_wconf 77' lang='lat' dir='ltr'><strong>agente</strong></span> <span class='ocrx_word' id='word_1_205' title='bbox 1110 3398 1180 3448; x_wconf 89' lang='lat' dir='ltr'>diem</span> <span class='ocrx_word' id='word_1_206' title='bbox 1201 3413 1278 3448; x_wconf 84' lang='lat' dir='ltr'>suum</span> <span class='ocrx_word' id='word_1_207' title='bbox 1298 3394 1386 3457; x_wconf 91' lang='lat' dir='ltr'>obiit,</span> <span class='ocrx_word' id='word_1_208' title='bbox 1406 3396 1447 3446; x_wconf 88' lang='lat' dir='ltr'>nti</span> <span class='ocrx_word' id='word_1_209' title='bbox 1467 3396 1577 3456; x_wconf 80' lang='lat' dir='ltr'>dictum,</span> 
     </span>
    </p>

    <p class='ocr_par' dir='ltr' id='par_1_5' title="bbox 481 3466 1577 3538">
     <span class='ocr_line' id='line_1_29' title="bbox 481 3466 1577 3538; baseline -0.004 -19"><span class='ocrx_word' id='word_1_210' title='bbox 481 3470 603 3523; x_wconf 78' lang='lat' dir='ltr'>sullanus</span> <span class='ocrx_word' id='word_1_211' title='bbox 623 3469 746 3532; x_wconf 86' lang='lat' dir='ltr'>Baiazita‚</span> <span class='ocrx_word' id='word_1_212' title='bbox 773 3470 906 3521; x_wconf 83' lang='lat' dir='ltr'>secundus</span> <span class='ocrx_word' id='word_1_213' title='bbox 934 3472 1077 3538; x_wconf 87' lang='lat' dir='ltr'>imperator</span> <span class='ocrx_word' id='word_1_214' title='bbox 1104 3469 1187 3519; x_wconf 89' lang='lat' dir='ltr'>urbis.</span> <span class='ocrx_word' id='word_1_215' title='bbox 1225 3467 1353 3517; x_wconf 84' lang='lat' dir='ltr'>successit</span> <span class='ocrx_word' id='word_1_216' title='bbox 1369 3466 1393 3516; x_wconf 91' lang='lat' dir='ltr'>ei</span> <span class='ocrx_word' id='word_1_217' title='bbox 1413 3466 1487 3516; x_wconf 83' lang='lat' dir='ltr'>filius</span> <span class='ocrx_word' id='word_1_218' title='bbox 1509 3468 1577 3519; x_wconf 83' lang='lat' dir='ltr'>Seli·</span> 
     </span>
    </p>

    <p class='ocr_par' dir='ltr' id='par_1_6' title="bbox 427 3536 1576 3679">
     <span class='ocr_line' id='line_1_30' title="bbox 427 3536 1576 3610; baseline -0.002 -21"><span class='ocrx_word' id='word_1_219' title='bbox 427 3572 429 3575; x_wconf 95' lang='lat'>-</span> <span class='ocrx_word' id='word_1_220' title='bbox 480 3556 536 3590; x_wconf 86' lang='lat' dir='ltr'>mes</span> <span class='ocrx_word' id='word_1_221' title='bbox 591 3557 645 3610; x_wconf 92' lang='lat' dir='ltr'>quo</span> <span class='ocrx_word' id='word_1_222' title='bbox 676 3540 798 3607; x_wconf 88' lang='lat' dir='ltr'>tempore</span> <span class='ocrx_word' id='word_1_223' title='bbox 826 3540 898 3590; x_wconf 77' lang='lat' dir='ltr'>idem</span> <span class='ocrx_word' id='word_1_224' title='bbox 922 3540 1074 3609; x_wconf 83' lang='lat' dir='ltr'>patriarcha</span> <span class='ocrx_word' id='word_1_225' title='bbox 1100 3540 1240 3590; x_wconf 85' lang='lat' dir='ltr'>ecclesiam</span> <span class='ocrx_word' id='word_1_226' title='bbox 1262 3538 1361 3589; x_wconf 82' lang='lat' dir='ltr'>Christi</span> <span class='ocrx_word' id='word_1_227' title='bbox 1385 3536 1458 3589; x_wconf 85' lang='lat' dir='ltr'>bene</span> <span class='ocrx_word' id='word_1_228' title='bbox 1477 3538 1576 3607; x_wconf 78' lang='lat' dir='ltr'>pieque</span> 
     </span>
     <span class='ocr_line' id='line_1_31' title="bbox 482 3610 1198 3679; baseline -0.003 -19"><span class='ocrx_word' id='word_1_229' title='bbox 482 3610 600 3679; x_wconf 79' lang='lat' dir='ltr'>regebat,</span> <span class='ocrx_word' id='word_1_230' title='bbox 622 3612 787 3663; x_wconf 72' lang='lat' dir='ltr'>cessantibus</span> <span class='ocrx_word' id='word_1_231' title='bbox 808 3611 1003 3662; x_wconf 80' lang='lat' dir='ltr'>offensionibus</span> <span class='ocrx_word' id='word_1_232' title='bbox 1023 3617 1050 3661; x_wconf 87' lang='lat' dir='ltr'>et</span> <span class='ocrx_word' id='word_1_233' title='bbox 1069 3610 1198 3661; x_wconf 75' lang='lat' dir='ltr'><strong>dissidiis.</strong></span> 
     </span>
    </p>
   </div>
   <div class='ocr_carea' id='block_1_5' title="bbox 324 3696 1576 4523">
    <p class='ocr_par' dir='ltr' id='par_1_7' title="bbox 479 3696 1576 4119">
     <span class='ocr_line' id='line_1_32' title="bbox 550 3696 1576 3767; baseline -0.007 -18"><span class='ocrx_word' id='word_1_234' title='bbox 550 3699 664 3767; x_wconf 80' lang='lat' dir='ltr'><strong>Aliquot</strong></span> <span class='ocrx_word' id='word_1_235' title='bbox 684 3698 787 3749; x_wconf 84' lang='lat' dir='ltr'>dierum</span> <span class='ocrx_word' id='word_1_236' title='bbox 803 3696 890 3767; x_wconf 79' lang='lat' dir='ltr'>spatio</span> <span class='ocrx_word' id='word_1_237' title='bbox 910 3707 1013 3757; x_wconf 82' lang='lat' dir='ltr'>exacto,</span> <span class='ocrx_word' id='word_1_238' title='bbox 1030 3698 1159 3750; x_wconf 86' lang='lat' dir='ltr'>comitatu</span> <span class='ocrx_word' id='word_1_239' title='bbox 1179 3696 1348 3756; x_wconf 83' lang='lat' dir='ltr'>clericorum,</span> <span class='ocrx_word' id='word_1_240' title='bbox 1366 3699 1531 3743; x_wconf 83' lang='lat' dir='ltr'>saoratorum</span> <span class='ocrx_word' id='word_1_241' title='bbox 1550 3699 1576 3742; x_wconf 82' lang='lat' dir='ltr'>et</span> 
     </span>
     <span class='ocr_line' id='line_1_33' title="bbox 481 3762 1575 3838; baseline -0.005 -21"><span class='ocrx_word' id='word_1_242' title='bbox 481 3770 639 3818; x_wconf 72' lang='lat' dir='ltr'>secularium</span> <span class='ocrx_word' id='word_1_243' title='bbox 651 3770 799 3831; x_wconf 85' lang='lat' dir='ltr'>homiuum,</span> <span class='ocrx_word' id='word_1_244' title='bbox 822 3778 957 3838; x_wconf 88' lang='lat' dir='ltr'>assumpto</span> <span class='ocrx_word' id='word_1_245' title='bbox 968 3767 1120 3818; x_wconf 85' lang='lat' dir='ltr'>Valachiam</span> <span class='ocrx_word' id='word_1_246' title='bbox 1132 3768 1213 3837; x_wconf 81' lang='lat' dir='ltr'>petiit</span> <span class='ocrx_word' id='word_1_247' title='bbox 1231 3777 1258 3817; x_wconf 90' lang='lat' dir='ltr'>et</span> <span class='ocrx_word' id='word_1_248' title='bbox 1270 3763 1443 3825; x_wconf 77' lang='lat' dir='ltr'>Molciayiam</span> <span class='ocrx_word' id='word_1_249' title='bbox 1468 3762 1507 3813; x_wconf 91' lang='lat' dir='ltr'>ibi</span> <span class='ocrx_word' id='word_1_250' title='bbox 1523 3770 1575 3813; x_wconf 83' lang='lat' dir='ltr'>eta</span> 
     </span>
     <span class='ocr_line' id='line_1_34' title="bbox 479 3835 1574 3905; baseline -0.005 -17"><span class='ocrx_word' id='word_1_251' title='bbox 479 3839 636 3905; x_wconf 73' lang='lat' dir='ltr'>proceribus</span> <span class='ocrx_word' id='word_1_252' title='bbox 657 3841 765 3891; x_wconf 88' lang='lat' dir='ltr'>iliorum</span> <span class='ocrx_word' id='word_1_253' title='bbox 785 3842 904 3890; x_wconf 88' lang='lat' dir='ltr'>locorum</span> <span class='ocrx_word' id='word_1_254' title='bbox 919 3848 946 3890; x_wconf 92' lang='lat' dir='ltr'>et</span> <span class='ocrx_word' id='word_1_255' title='bbox 964 3837 1129 3890; x_wconf 88' lang='lat' dir='ltr'>anobilibus</span> <span class='ocrx_word' id='word_1_256' title='bbox 1154 3848 1181 3889; x_wconf 86' lang='lat' dir='ltr'>et</span> <span class='ocrx_word' id='word_1_257' title='bbox 1199 3845 1258 3888; x_wconf 84' lang='lat' dir='ltr'><strong>toto</strong></span> <span class='ocrx_word' id='word_1_258' title='bbox 1272 3835 1374 3904; x_wconf 86' lang='lat' dir='ltr'>populo</span> <span class='ocrx_word' id='word_1_259' title='bbox 1393 3849 1497 3883; x_wconf 89' lang='lat' dir='ltr'>summa</span> <span class='ocrx_word' id='word_1_260' title='bbox 1517 3849 1574 3884; x_wconf 87' lang='lat' dir='ltr'>cum</span> 
     </span>
     <span class='ocr_line' id='line_1_35' title="bbox 479 3900 1575 3982; baseline -0.004 -25"><span class='ocrx_word' id='word_1_261' title='bbox 479 3911 630 3963; x_wconf 83' lang='lat' dir='ltr'>reverentia</span> <span class='ocrx_word' id='word_1_262' title='bbox 649 3920 777 3982; x_wconf 85' lang='lat' dir='ltr'>exceptus</span> <span class='ocrx_word' id='word_1_263' title='bbox 790 3920 817 3962; x_wconf 87' lang='lat' dir='ltr'>ct</span> <span class='ocrx_word' id='word_1_264' title='bbox 830 3910 1017 3962; x_wconf 81' lang='lat' dir='ltr'>liberalissime</span> <span class='ocrx_word' id='word_1_265' title='bbox 1033 3918 1188 3961; x_wconf 83' lang='lat' dir='ltr'>muneratus</span> <span class='ocrx_word' id='word_1_266' title='bbox 1209 3916 1257 3959; x_wconf 84' lang='lat' dir='ltr'>cat.</span> <span class='ocrx_word' id='word_1_267' title='bbox 1280 3914 1335 3956; x_wconf 89' lang='lat' dir='ltr'>tum</span> <span class='ocrx_word' id='word_1_268' title='bbox 1356 3900 1575 3978; x_wconf 73' lang='lat' dir='ltr'>benedictionem</span> 
     </span>
     <span class='ocr_line' id='line_1_36' title="bbox 479 3972 1576 4051; baseline -0.002 -25"><span class='ocrx_word' id='word_1_269' title='bbox 479 3978 538 4046; x_wconf 89' lang='lat' dir='ltr'>ipse</span> <span class='ocrx_word' id='word_1_270' title='bbox 559 3983 596 4031; x_wconf 89' lang='lat' dir='ltr'>eis</span> <span class='ocrx_word' id='word_1_271' title='bbox 616 3983 778 4051; x_wconf 86' lang='lat' dir='ltr'>impertitus,</span> <span class='ocrx_word' id='word_1_272' title='bbox 799 3999 857 4031; x_wconf 90' lang='lat' dir='ltr'>cum</span> <span class='ocrx_word' id='word_1_273' title='bbox 879 3983 951 4031; x_wconf 90' lang='lat' dir='ltr'>omni</span> <span class='ocrx_word' id='word_1_274' title='bbox 972 3981 1100 4032; x_wconf 86' lang='lat' dir='ltr'>comitatu</span> <span class='ocrx_word' id='word_1_275' title='bbox 1120 3998 1169 4031; x_wconf 87' lang='lat' dir='ltr'>suo</span> <span class='ocrx_word' id='word_1_276' title='bbox 1188 3978 1242 4029; x_wconf 89' lang='lat' dir='ltr'>buc</span> <span class='ocrx_word' id='word_1_277' title='bbox 1261 3976 1289 4026; x_wconf 90' lang='lat' dir='ltr'>in</span> <span class='ocrx_word' id='word_1_278' title='bbox 1311 3976 1403 4026; x_wconf 88' lang='lat' dir='ltr'>urbem</span> <span class='ocrx_word' id='word_1_279' title='bbox 1424 3972 1513 4025; x_wconf 86' lang='lat' dir='ltr'>redire</span> <span class='ocrx_word' id='word_1_280' title='bbox 1532 3975 1576 4024; x_wconf 91' lang='lat' dir='ltr'>in-</span> 
     </span>
     <span class='ocr_line' id='line_1_37' title="bbox 480 4044 1576 4119; baseline -0.004 -22"><span class='ocrx_word' id='word_1_281' title='bbox 480 4050 577 4101; x_wconf 83' lang='lat' dir='ltr'>tendit.</span> <span class='ocrx_word' id='word_1_282' title='bbox 614 4070 704 4103; x_wconf 86' lang='lat' dir='ltr'>verum</span> <span class='ocrx_word' id='word_1_283' title='bbox 748 4052 835 4103; x_wconf 75' lang='lat' dir='ltr'>stando</span> <span class='ocrx_word' id='word_1_284' title='bbox 855 4053 1005 4119; x_wconf 87' lang='lat' dir='ltr'>Selybriam</span> <span class='ocrx_word' id='word_1_285' title='bbox 1024 4054 1117 4113; x_wconf 82' lang='lat' dir='ltr'>venit,</span> <span class='ocrx_word' id='word_1_286' title='bbox 1136 4065 1268 4101; x_wconf 83' lang='lat' dir='ltr'>venenum</span> <span class='ocrx_word' id='word_1_287' title='bbox 1288 4048 1312 4096; x_wconf 90' lang='lat' dir='ltr'>ei</span> <span class='ocrx_word' id='word_1_288' title='bbox 1331 4044 1477 4096; x_wconf 83' lang='lat' dir='ltr'>monachus</span> <span class='ocrx_word' id='word_1_289' title='bbox 1498 4045 1576 4094; x_wconf 87' lang='lat' dir='ltr'>fami-</span> 
     </span>
    </p>

    <p class='ocr_par' dir='ltr' id='par_1_8' title="bbox 324 4072 1575 4189">
     <span class='ocr_line' id='line_1_38' title="bbox 324 4072 1575 4189; baseline 0 -24"><span class='ocrx_word' id='word_1_290' title='bbox 324 4140 325 4145; x_wconf 60' lang='lat'>=</span> <span class='ocrx_word' id='word_1_291' title='bbox 396 4168 398 4174; x_wconf 54' lang='grc'>,</span> <span class='ocrx_word' id='word_1_292' title='bbox 479 4114 561 4180; x_wconf 83' lang='lat' dir='ltr'>liaris,</span> <span class='ocrx_word' id='word_1_293' title='bbox 579 4124 689 4174; x_wconf 88' lang='lat' dir='ltr'>nomine</span> <span class='ocrx_word' id='word_1_294' title='bbox 710 4072 879 4186; x_wconf 70' lang='lat' dir='ltr'>Tbeodulus,</span> <span class='ocrx_word' id='word_1_295' title='bbox 900 4133 993 4176; x_wconf 88' lang='lat' dir='ltr'>coactu</span> <span class='ocrx_word' id='word_1_296' title='bbox 1015 4124 1173 4173; x_wconf 88' lang='lat' dir='ltr'>clericorum</span> <span class='ocrx_word' id='word_1_297' title='bbox 1197 4121 1303 4189; x_wconf 87' lang='lat' dir='ltr'>aliquot</span> <span class='ocrx_word' id='word_1_298' title='bbox 1323 4116 1413 4180; x_wconf 70' lang='lat' dir='ltr'>uentu</span> <span class='ocrx_word' id='word_1_299' title='bbox 1442 4114 1519 4185; x_wconf 90' lang='lat' dir='ltr'>quod</span> <span class='ocrx_word' id='word_1_300' title='bbox 1539 4115 1575 4166; x_wconf 90' lang='lat' dir='ltr'>si-</span> 
     </span>
    </p>

    <p class='ocr_par' dir='ltr' id='par_1_9' title="bbox 479 4186 1575 4262">
     <span class='ocr_line' id='line_1_39' title="bbox 479 4186 1575 4262; baseline 0.003 -28"><span class='ocrx_word' id='word_1_301' title='bbox 479 4189 534 4237; x_wconf 88' lang='lat' dir='ltr'>mul</span> <span class='ocrx_word' id='word_1_302' title='bbox 552 4208 582 4239; x_wconf 89' lang='lat' dir='ltr'>ac</span> <span class='ocrx_word' id='word_1_303' title='bbox 599 4192 705 4255; x_wconf 86' lang='lat' dir='ltr'>hausit,</span> <span class='ocrx_word' id='word_1_304' title='bbox 734 4196 857 4262; x_wconf 87' lang='lat' dir='ltr'>superius</span> <span class='ocrx_word' id='word_1_305' title='bbox 883 4211 914 4245; x_wconf 78' lang='lat' dir='ltr'>ea</span> <span class='ocrx_word' id='word_1_306' title='bbox 935 4212 981 4245; x_wconf 92' lang='lat' dir='ltr'>ore</span> <span class='ocrx_word' id='word_1_307' title='bbox 999 4194 1156 4261; x_wconf 82' lang='lat' dir='ltr'>sauguinem</span> <span class='ocrx_word' id='word_1_308' title='bbox 1177 4188 1334 4248; x_wconf 83' lang='lat' dir='ltr'>reiectabat‚</span> <span class='ocrx_word' id='word_1_309' title='bbox 1351 4186 1465 4243; x_wconf 73' lang='lat' dir='ltr'>inseriae</span> <span class='ocrx_word' id='word_1_310' title='bbox 1485 4195 1575 4237; x_wconf 86' lang='lat' dir='ltr'>autem</span> 
     </span>
    </p>

    <p class='ocr_par' dir='ltr' id='par_1_10' title="bbox 479 4256 1574 4332">
     <span class='ocr_line' id='line_1_40' title="bbox 479 4256 1574 4332; baseline -0.006 -18"><span class='ocrx_word' id='word_1_311' title='bbox 479 4272 493 4305; x_wconf 76' lang='grc' dir='ltr'>θ</span> <span class='ocrx_word' id='word_1_312' title='bbox 515 4258 578 4325; x_wconf 69' lang='lat' dir='ltr'>sede</span> <span class='ocrx_word' id='word_1_313' title='bbox 610 4265 715 4330; x_wconf 76' lang='lat' dir='ltr'>sanguis</span> <span class='ocrx_word' id='word_1_314' title='bbox 736 4266 881 4327; x_wconf 87' lang='lat' dir='ltr'>effluebat,</span> <span class='ocrx_word' id='word_1_315' title='bbox 907 4267 977 4317; x_wconf 87' lang='lat' dir='ltr'>sicut</span> <span class='ocrx_word' id='word_1_316' title='bbox 1005 4281 1037 4314; x_wconf 82' lang='lat' dir='ltr'>ex</span> <span class='ocrx_word' id='word_1_317' title='bbox 1055 4264 1227 4332; x_wconf 86' lang='lat' dir='ltr'>aquaeductu</span> <span class='ocrx_word' id='word_1_318' title='bbox 1254 4272 1333 4329; x_wconf 80' lang='lat' dir='ltr'>aqua.</span> <span class='ocrx_word' id='word_1_319' title='bbox 1380 4258 1427 4327; x_wconf 91' lang='lat' dir='ltr'>qui</span> <span class='ocrx_word' id='word_1_320' title='bbox 1446 4266 1476 4308; x_wconf 90' lang='lat' dir='ltr'>ut</span> <span class='ocrx_word' id='word_1_321' title='bbox 1495 4256 1574 4307; x_wconf 89' lang='lat' dir='ltr'>morti</span> 
     </span>
    </p>

    <p class='ocr_par' dir='ltr' id='par_1_11' title="bbox 477 4328 1575 4403">
     <span class='ocr_line' id='line_1_41' title="bbox 477 4328 1575 4403; baseline -0.002 -24"><span class='ocrx_word' id='word_1_322' title='bbox 477 4328 645 4398; x_wconf 82' lang='lat' dir='ltr'>propinquus</span> <span class='ocrx_word' id='word_1_323' title='bbox 675 4342 748 4396; x_wconf 87' lang='lat' dir='ltr'>erat,</span> <span class='ocrx_word' id='word_1_324' title='bbox 777 4338 804 4387; x_wconf 87' lang='lat' dir='ltr'>in</span> <span class='ocrx_word' id='word_1_325' title='bbox 826 4353 904 4386; x_wconf 91' lang='lat' dir='ltr'>curru</span> <span class='ocrx_word' id='word_1_326' title='bbox 936 4336 1039 4403; x_wconf 87' lang='lat' dir='ltr'>positus</span> <span class='ocrx_word' id='word_1_327' title='bbox 1069 4343 1110 4384; x_wconf 82' lang='lat' dir='ltr'>ert</span> <span class='ocrx_word' id='word_1_328' title='bbox 1139 4342 1166 4384; x_wconf 87' lang='lat' dir='ltr'>et</span> <span class='ocrx_word' id='word_1_329' title='bbox 1195 4332 1259 4383; x_wconf 86' lang='lat' dir='ltr'>inde</span> <span class='ocrx_word' id='word_1_330' title='bbox 1285 4330 1313 4380; x_wconf 89' lang='lat' dir='ltr'>in</span> <span class='ocrx_word' id='word_1_331' title='bbox 1343 4344 1466 4395; x_wconf 75' lang='lat' dir='ltr'>magnam</span> <span class='ocrx_word' id='word_1_332' title='bbox 1488 4328 1575 4379; x_wconf 86' lang='lat' dir='ltr'>eccle·</span> 
     </span>
    </p>

    <p class='ocr_par' dir='ltr' id='par_1_12' title="bbox 408 4398 1574 4523">
     <span class='ocr_line' id='line_1_42' title="bbox 408 4398 1574 4523; baseline -0.001 -74"><span class='ocrx_word' id='word_1_333' title='bbox 408 4444 409 4447; x_wconf 74' lang='grc'>,</span> <span class='ocrx_word' id='word_1_334' title='bbox 476 4398 543 4523; x_wconf 58' lang='lat' dir='ltr'>biam</span> <span class='ocrx_word' id='word_1_335' title='bbox 562 4398 726 4469; x_wconf 85' lang='lat' dir='ltr'>deportatus.</span> <span class='ocrx_word' id='word_1_336' title='bbox 774 4422 852 4475; x_wconf 82' lang='lat' dir='ltr'>quam</span> <span class='ocrx_word' id='word_1_337' title='bbox 880 4414 910 4457; x_wconf 90' lang='lat' dir='ltr'>ut</span> <span class='ocrx_word' id='word_1_338' title='bbox 938 4406 1054 4474; x_wconf 87' lang='lat' dir='ltr'>primum</span> <span class='ocrx_word' id='word_1_339' title='bbox 1073 4404 1181 4472; x_wconf 74' lang='lat' dir='ltr'>attigit,</span> <span class='ocrx_word' id='word_1_340' title='bbox 1207 4405 1322 4455; x_wconf 83' lang='lat' dir='ltr'>animaru</span> <span class='ocrx_word' id='word_1_341' title='bbox 1341 4400 1459 4463; x_wconf 82' lang='lat' dir='ltr'>efflavit,</span> <span class='ocrx_word' id='word_1_342' title='bbox 1477 4398 1574 4468; x_wconf 86' lang='lat' dir='ltr'>ibique</span> 
     </span>
     <span class='ocr_line' id='line_1_43' title="bbox 498 4477 670 4522; baseline 0.017 -3"><span class='ocrx_word' id='word_1_343' title='bbox 498 4477 602 4521; x_wconf 85' lang='lat' dir='ltr'>umatus</span> <span class='ocrx_word' id='word_1_344' title='bbox 621 4481 670 4522; x_wconf 89' lang='lat' dir='ltr'>est.</span> 
     </span>
    </p>
   </div>
   <div class='ocr_carea' id='block_1_6' title="bbox 0 0 1867 5350">
    <p class='ocr_par' dir='ltr' id='par_1_13' title="bbox 0 0 1867 5350">
     <span class='ocr_line' id='line_1_44' title="bbox 0 0 1867 5350; baseline 0 0"><span class='ocrx_word' id='word_1_345' title='bbox 0 0 1867 5350; x_wconf 95' lang='lat' dir='ltr'> </span> 
     </span>
    </p>
   </div>
  </div>
 </body>
</html>
