3692 5350
446 533 521 604 200
794 615 796 618 ¹
898 531 1097 602 utstotaul

529 695 601 758 Καί
620 691 663 769 ὥς
696 687 824 773 ἔμαδαν
851 689 882 758 οἱ
909 692 1156 775 ὑποτεταγμένοι
1183 693 1236 776 τῆς
1257 690 1424 771 βασιλείας
1446 687 1545 752 edroi

352 797 355 802 ’
445 783 599 860 adalmot
620 797 675 859 καί
698 791 729 857 οἵ
749 783 841 858 άλλοι
873 795 963 879 φίλοι
997 793 1052 876 τῆς
1088 790 1188 857 αὐτοῦ
1216 793 1384 872 βασιλείας
1415 784 1463 855 ὅτι
1483 793 1543 864 νέος

442 893 596 978 βασιλεῦς
615 895 751 979 ἐγένετο,
777 889 922 960 ἔστειλαν
944 893 1204 978 α’ποκρισιαρίους
1229 891 1309 975 μετά
1330 890 1479 975 μεγάλων
1498 889 1546 956 καί

445 998 628 1078 πολυτίμων
651 992 783 1078 δοάρων,
818 998 875 1060 καί
905 992 1147 1078 ἔπροσκάνησαν
1177 991 1294 1060 ου’τάν·
1353 996 1412 1058 καί
1432 992 1544 1076 ἐδέχθη

445 1094 564 1172 adroic
584 1094 663 1178 μετά
684 1094 823 1180 μεγάλης
845 1093 995 1178 α’γάπης,
1025 1093 1081 1158 καί
1099 1088 1323 1179 ηάχαρίοτησε
1350 1099 1414 1160 τάν
1434 1095 1563 1158 οὔδει-5
1590 1178 1592 1185 Ι

444 1199 509 1262 τάν
531 1198 638 1262 αὐτῶν
660 1195 772 1273 πολλά,
798 1191 907 1261 ίδάντα
931 1191 989 1278 την
1011 1196 1205 1279 δουλοσύνην
1228 1195 1347 1259 αὐταῖν.
1392 1192 1409 1257 ά
1433 1196 1469 1259 δὲ
1490 1218 1545 1256 πα-

436 1292 601 1382 τριάρχης
622 1294 730 1378 λαβάν
761 1293 796 1361 τά
820 1297 1059 1379 διατεταγμένον
1092 1299 1255 1361 πεσκέσιον
1287 1285 1357 1378 ἦτοι
1382 1296 1546 1373 κανίσκιοι,

446 1397 505 1473 τάς
526 1396 584 1460 δύο
598 1398 748 1479 χιλιάδας
768 1395 807 1461 τά
832 1398 980 1482 φλωρία,
1004 1391 1106 1481 duvira
1126 1398 1181 1461 καί
1198 1395 1431 1480 ἔπροσκάνησεν
1453 1393 1546 1459 odada

447 1495 503 1562 καί
524 1494 581 1581 την
602 1503 717 1579 χεῖρον
740 1497 841 1560 adrat
871 1497 1045 1582 ἐφίλησεν,
1068 1493 1111 1570 ὥς
1132 1492 1204 1560 ἔναι
1226 1494 1383 1579 συνήθεια
1405 1497 1474 1559 τῶν
1496 1521 1548 1558 πα-

446 1599 611 1683 τριορχοδν
622 1593 676 1659 καί
689 1593 724 1660 τά
735 1596 916 1679 μπαράτιον
936 1595 1040 1662 ου’τοῦ
1061 1598 1269 1680 ἐβεβαίωσεν,
1292 1588 1369 1679 ἔπερ
1392 1598 1453 1658 τοῦ
1473 1592 1579 1659 ἔδω-10

448 1694 535 1760 κενά
556 1691 727 1760 ductanda
750 1695 850 1781 πατὴρ
865 1697 977 1772 edroi,
991 1694 1289 1779 σουλτάνΣιλὴμης.
1310 1693 1366 1758 καί
1382 1689 1483 1779 δρισε,
1502 1694 1551 1760 καί

447 1793 570 1860 ἔδωκαν
590 1795 690 1859 ου’τοῦ
712 1794 768 1859 καί
779 1788 874 1860 άλλον
901 1800 972 1860 νέον
987 1796 1177 1879 μπαράτιον,
1199 1790 1249 1860 ἔτι
1266 1792 1347 1858 κατά
1370 1791 1428 1877 την
1450 1798 1549 1860 πίστιν

448 1917 505 1959 του
520 1893 558 1959 νά
573 1892 671 1978 ὁρίζει
687 1896 744 1959 καί
753 1897 791 1960 νά
808 1900 907 1979 κρίνει
919 1899 1150 1981 μητροπολίτας
1165 1894 1439 1978 α’ρχιεπισκόπους
1461 1891 1550 1979 ἱερεῖς

429 1993 505 2060 -κοί
523 1999 630 2061 πᾶσαν
653 1989 821 2081 άνθρωπον
853 1995 1011 2076 Ῥωμαῖον
1045 1994 1100 2062 καί
1117 1994 1282 2080 ἐκκλησίας
1316 1995 1372 2057 καί
1391 1993 1551 2080 μοναστηῳ

450 2121 527 2182 ρια·
569 2095 624 2160 καί
652 2090 760 2170 άποιος
790 2099 876 2182 φανῇ
910 2091 1051 2171 ἔναντίος
1079 2100 1138 2161 τοῦ
1164 2101 1349 2179 μπαρατίοο
1381 2098 1494 2173 atros,
1516 2095 1549 2160 νά
1560 2112 1584 2166 15

449 2199 639 2262 παιδεύεται
659 2197 804 2279 μεγάλως
842 2195 928 2282 παρά
951 2202 1007 2281 τῆς
1039 2200 1141 2262 edroi
1169 2200 1344 2278 βασιλείας.
1389 2198 1498 2277 λαβὼν
1521 2200 1552 2260 δὲ

448 2297 483 2364 τὸ
503 2295 666 2378 βασιλικὸν
686 2295 868 2383 μπαράτιον
893 2296 908 2360 ὅ
933 2298 1136 2385 πατριάρχης
1156 2300 1327 2376 καθέζεται
1351 2301 1397 2374 τίς
1417 2297 1473 2362 τάν
1494 2324 1551 2362 πα·
1592 2367 1596 2372 ,

449 2397 635 2485 τριαρχικδν
659 2400 775 2483 θρόνον
798 2398 899 2463 αὐτοῦ
923 2399 967 2476 ὥς
989 2397 1098 2484 κύριος
1120 2401 1175 2463 καί
1198 2394 1350 2483 δεσπότης
1371 2403 1430 2482 τῆς
1452 2399 1551 2462 οἰκου-

355 2561 360 2578 ,
447 2500 554 2585 μένης,
580 2503 634 2564 καί
653 2504 750 2585 κρίνει
777 2498 831 2568 καί
852 2500 1031 2589 άποφάσεις
1052 2508 1153 2563 ποιεῖ·
1206 2501 1260 2561 καί
1283 2500 1373 2580 τίμια
1396 2523 1553 2584 πατριαρ-

447 2601 524 2688 χικά
547 2601 721 2688 γράμματα
753 2598 783 2665 οῖ
805 2605 1000 2688 Χριστιανοί
1031 2603 1181 2684 ἔπε’ρνουν
1212 2603 1258 2678 εἷς
1291 2599 1350 2675 τάς
1382 2600 1587 2678 άποθέσειςρη

451 2706 570 2785 adroic,
594 2702 649 2769 καί
671 2701 766 2787 ἔχουν
794 2702 829 2768 τὸ
860 2708 991 2787 βέβαιον
1021 2691 1068 2779 τίς
1088 2697 1163 2788 ὅλην
1185 2700 1240 2785 τὴν
1260 2703 1459 2785 οἰκουμένην.
1502 2705 1554 2765 καί

451 2798 533 2869 dala
553 2801 649 2885 ὅμοια
671 2812 760 2868 ποιεῖ’
785 2803 865 2869 κατά
897 2803 954 2890 την
984 2807 1168 2870 δεσποτείαν
1198 2806 1252 2867 καί
1275 2804 1424 2878 ἐξουσίαν
1456 2795 1551 2889 ἥνπερ

414 2944 424 2997 τ’
452 2894 547 2986 ἔχουν
569 2901 599 2967 οἱ
620 2902 831 2990 πατριάρχαι.

522 3102 589 3153 Cum
606 3112 694 3155 autern
714 3104 784 3155 cives
803 3104 910 3174 imperii
932 3106 999 3166 eius,
1019 3106 1070 3156 viri
1090 3106 1225 3175 principes
1249 3106 1352 3177 aliique
1371 3105 1443 3157 bene
1465 3107 1552 3158 affecti

452 3190 513 3242 erga
531 3176 701 3227 maiestatem
720 3176 786 3237 eius,
814 3177 1003 3244 cognovissent
1029 3194 1128 3230 novum
1156 3193 1244 3243 regem
1268 3178 1453 3239 memmasce,
1472 3179 1553 3229 misc·

452 3255 514 3298 runt
532 3247 636 3315 legatos
667 3263 726 3297 cum
743 3249 846 3315 magnis
873 3254 901 3300 et
932 3250 1058 3320 pretiosis
1086 3248 1259 3309 muneribus,
1285 3250 1309 3298 ei
1341 3249 1507 3317 gratulatum
1526 3258 1552 3301 et

451 3318 648 3371 subiectionem
666 3335 739 3370 suam
761 3319 938 3372 declaratum.
976 3338 1044 3391 quos
1063 3321 1110 3371 ille
1131 3316 1339 3372 clementissime
1358 3322 1474 3389 accepit,
1496 3338 1552 3373 ma·

452 3407 516 3459 guas
536 3390 693 3462 proceribus
715 3391 770 3443 illis
793 3393 891 3459 gratias
910 3408 1000 3458 agens,
1020 3410 1079 3441 cum
1099 3408 1145 3443 eos
1161 3392 1199 3443 ita
1220 3392 1355 3444 maiestati
1375 3410 1440 3445 suae
1462 3394 1551 3445 lauto·

451 3480 502 3524 res,
522 3472 550 3515 at
570 3464 701 3532 inservire
729 3474 837 3534 paratos
861 3472 994 3515 cerneret.
1042 3462 1192 3532 patriarcha
1211 3480 1332 3534 qnoque,
1351 3464 1487 3535 accipiens
1509 3482 1560 3517 01·-v

452 3533 585 3586 dinarium
606 3536 755 3604 peacesium
781 3537 837 3586 live
856 3534 1039 3596 honorarium,
1068 3534 1220 3585 duomilia
1238 3534 1397 3586 ducatorum
1428 3535 1499 3586 abiit
1518 3536 1553 3585 ad

450 3622 550 3675 regam,
570 3607 594 3657 ci
615 3624 643 3657 se
659 3606 807 3665 subiiciens
823 3615 850 3657 ct
862 3623 936 3657 mora
953 3606 1132 3683 patriarchico
1150 3623 1258 3657 manum
1273 3608 1332 3658 eius
1350 3607 1484 3662 osculana.
1507 3608 1553 3676 qui

423 3732 425 3737 A
451 3686 498 3729 reti
519 3686 680 3747 potestatem
708 3678 933 3740 ecclesiasticam,
963 3694 1043 3746 quam
1073 3678 1225 3746 patriarcha
1244 3696 1258 3728 a
1278 3687 1353 3748 patre
1372 3679 1482 3729 sultano
1504 3680 1564 3737 Se-,

451 3749 517 3800 lima
537 3748 687 3819 acceperat
707 3749 795 3800 eidem
817 3749 1005 3814 confirmavit5
1025 3757 1107 3818 atque
1132 3751 1216 3801 etiam
1233 3767 1333 3802 novum
1353 3749 1477 3819 diploma
1496 3748 1552 3799 dari

453 3820 540 3882 iussit,
562 3830 593 3873 ut
608 3821 913 3889 secundumrcligionis
932 3837 995 3870 suae
1014 3822 1207 3890 praescriptum
1230 3822 1373 3890 imperium
1393 3828 1421 3872 et
1441 3821 1552 3873 iurisdi-

454 3893 570 3944 ctionem
599 3893 713 3944 liaberet
731 3894 758 3944 in
779 3893 968 3961 metropolitas
997 3890 1215 3961 archiepiscopos
1244 3893 1394 3944 sacerdotes
1413 3901 1441 3943 et
1459 3910 1552 3943 omnes

384 4024 386 4033 η
454 3962 571 4015 Graecos
591 3964 723 4027 homines,
745 3965 872 4015 ecclesias
891 3982 921 4015 ac
940 3965 1122 4027 monasteria,
1142 3964 1234 4015 addita
1252 3965 1470 4026 comminatione,
1491 3967 1552 4033 qui·
1572 3966 1577 3973 ’

453 4048 559 4103 cunque
581 4034 644 4087 huic
663 4055 711 4087 suo
732 4037 873 4105 diplomati
894 4036 1094 4098 adversaretur,
1119 4036 1147 4087 in
1169 4052 1229 4086 eum
1258 4037 1410 4102 gravissime
1432 4053 1447 4084 a
1467 4037 1552 4086 maie-

380 4152 381 4161 *
454 4104 521 4153 state
541 4122 587 4154 sua
606 4108 818 4159 animadversum
840 4109 882 4159 iri.
920 4115 1031 4178 accepta
1049 4107 1101 4159 hac
1124 4107 1328 4162 confirmatione
1350 4107 1504 4177 patriarcba
1525 4108 1553 4157 in

454 4172 553 4223 throno
580 4193 627 4227 suo
656 4197 729 4230 nunc
742 4179 842 4231 'firmus
861 4180 952 4247 sedet5
974 4188 1004 4231 ut
1023 4178 1147 4231 dominus
1166 4187 1194 4231 et
1215 4178 1381 4247 gubernator
1401 4178 1474 4229 orbis
1498 4187 1552 4230 ter-

455 4258 507 4302 raer
530 4243 657 4297 iudicium
677 4259 784 4301 exercet
812 4269 842 4302 ac
861 4254 1010 4306 sententias
1031 4252 1202 4321 pronuntiat;
1216 4251 1460 4317 ⁴honorabilesque
1489 4251 1553 4301 lite·

454 4329 495 4362 ras
513 4328 527 4361 a
549 4319 691 4370 sanctitate
712 4322 768 4370 eius
791 4330 819 4373 et
833 4326 1003 4391 negotiorum
1024 4342 1133 4373 suorum
1154 4322 1394 4374 determinationes
1405 4321 1553 4372 Christiani

409 4450 411 4457 ,
454 4386 682 4454 efsl³¹'¹¹¹¹l›.quae
701 4390 752 4439 vim
782 4400 810 4443 et
832 4394 939 4461 pondus
965 4395 1053 4446 ubivis
1073 4403 1203 4447 terrarum
1221 4392 1332 4444 habent.
1370 4393 1423 4443 alia
1442 4410 1553 4465 qunque

372 4502 373 4507 ,
453 4454 607 4510 huiusmodi
627 4474 675 4527 pro
697 4461 891 4529 patriarchicae
910 4465 1081 4527 celsitudinis
1109 4470 1252 4539 potestate.
1266 4462 1445 4517 administrat.
