3692 5350
438 565 509 670 τοο
883 562 1080 630 ursronu

442 792 444 795 ,
519 718 739 808 Καὶέίνοντας
759 717 798 783 νά
824 716 896 802 ἔχει
917 718 1016 794 aelric
1034 713 1201 805 σονλτάνος
1229 714 1326 802 ὄργην
1348 718 1402 784 καὶ
1420 717 1530 799 &ouis
1559 785 1563 794 ,

436 825 482 899 εἷς
502 817 599 887 αὐτὸν
619 817 673 884 τὸν
691 819 912 902 πατριάρχην,
934 817 1045 901 ἔπραξε
1060 814 1136 892 τούς
1156 817 1337 900 κληρικοάς·
1380 821 1435 881 καί
1453 817 1530 892 τούς
1599 843 1602 848 ·

437 917 543 1004 ὅρισεν
557 916 606 984 ὅτι
624 917 663 983 νά
678 915 798 996 κάμνον
818 911 914 982 ἄλλον
934 915 1144 1000 πατριάρχην,
1167 915 1223 979 καί
1233 917 1351 979 ἐκεῖνον
1371 915 1428 979 τάν
1441 919 1532 998 πρῶ-

436 1035 489 1086 τον
510 1018 599 1093 τινάς
618 1017 656 1083 νά
685 1019 783 1101 μηδὲν
812 1014 869 1080 τὸν
889 1017 1052 1097 ἐνδέχεται
1073 1018 1148 1080 ον’δὲ
1179 1015 1219 1078 νά
1241 1014 1294 1079 τὸν
1312 1012 1460 1098 ἐστέργει.
1502 1017 1534 1078 εἰ

438 1120 551 1185 δὲκαὶ
580 1119 665 1206 φανῇ
690 1115 779 1190 τινάς
806 1112 866 1194 ἔξω
899 1117 957 1178 τοῦ
979 1113 1118 1195 ὁρισμοῦ
1136 1137 1194 1179 τον
1214 1117 1283 1179 ,καὶ
1300 1111 1395 1200 κάμῃ,
1416 1113 1454 1177 νά
1477 1106 1557 1177 arist

438 1219 605 1304 ἐκρεμάζη.
648 1219 702 1280 καί
718 1214 761 1291 ὥς
782 1206 923 1280 άιιουσαν
944 1213 1154 1299 τὴνφοβεράν
1176 1212 1341 1299 α’πόφασιν
1359 1216 1416 1278 τοῦ
1436 1218 1532 1276 σουλ-

439 1319 547 1398 τάνον,
572 1314 654 1399 ἔγινε
674 1313 803 1390 σύνοδος
823 1317 1001 1399 α’ρχιερέων
1020 1315 1174 1396 κληρικοῖν
1197 1309 1361 1394 ἀρχόντων
1381 1315 1437 1376 καί
1452 1301 1534 1374 παν-

439 1415 493 1491 τὸς
518 1419 576 1480 τοῦ
597 1417 705 1479 κοινοῦ
725 1417 815 1498 λαοῦ,
836 1422 926 1478 ποῖον
945 1410 985 1477 νά
1007 1411 1130 1492 κάμονν
1149 1411 1359 1495 πατριάρχην.
1401 1410 1457 1474 καί
1477 1411 1535 1473 ari-

441 1517 635 1596 ρισκομένων
656 1515 764 1577 αὐτῶν
785 1515 830 1587 εἰς
845 1513 1042 1597 οἷδδημοιιάν
1055 1509 1203 1594 μεγάλην,
1225 1508 1455 1594 ἐνθυμηθησαν
1479 1507 1536 1573 τόν

442 1612 550 1697 πρώην
571 1607 772 1696 πατριάρχην
793 1609 885 1695 κάριν
904 1609 1095 1690 Διονύσιον,
1125 1609 1208 1674 ὀποῦ
1228 1607 1324 1689 ἔκαμε
1345 1613 1581 1693 παραίτησινλθ

442 1714 498 1776 καὶ
518 1706 700 1794 εὑρίσκεται
727 1715 773 1786 εἰς
798 1709 855 1796 την
875 1704 1050 1790 Κοσίνιτζα
1083 1707 1138 1774 διά
1164 1708 1222 1794 την
1241 1702 1350 1772 ἄδικον
1370 1731 1534 1793 ανκοφαν.

442 1813 523 1894 τίαν,
543 1807 624 1874 ὅπου·
643 1814 701 1876 τοῦ
719 1806 810 1876 εἶπαν
831 1806 881 1876 ὅτι
903 1808 975 1875 tvm
994 1813 1255 1894 περιτετμημένος
1285 1801 1380 1892 ἤγουν
1400 1811 1537 1886 νεόμενος.

444 1911 500 1974 κατ’
520 1907 593 1994 ἔτζη
616 1906 650 1974 τὸ
666 1908 788 1990 ε”ιιαμαν
808 1903 907 1997 Ῑάρτζη
929 1914 987 1975 τοῦ
1007 1909 1193 1991 σονλτάνον,
1222 1905 1270 1972 ὅτι
1291 1907 1462 1991 η’ξεάρομεν
1483 1905 1539 1969 ἕνα

445 2003 532 2084 ἄξιον
552 2009 721 2092 πρόσωπον
743 2009 796 2074 διά
817 2008 1031 2095 πατριάρχην.
1074 2012 1129 2074 κατ’
1149 2013 1206 2092 τῆς
1227 2003 1314 2092 ὧρας
1333 2003 1449 2071 ἔδωκεν
1470 2001 1539 2087 ὄρι·

445 2105 536 2188 σμόν,
558 2111 613 2172 καὶ
624 2107 759 2192 άπῆγαν
782 2111 839 2174 καί
859 2109 915 2173 τὸν
935 2103 1062 2194 ἦφεραν
1081 2109 1247 2193 νεανικῶς,
1267 2103 1347 2170 inuri
1369 2108 1422 2171 δὲν
1442 2097 1539 2191 ᾔθελε
1550 2114 1584 2166 15

380 2295 382 2303 Α
446 2203 485 2270 νά
506 2202 597 2294 ἔλθη.
638 2199 712 2291 η’τον
734 2210 770 2272 rii
790 2206 889 2273 πολλοὶ
908 2209 1069 2293 γέροντας.

606 2404 849 2470 ΔΙΟΝΥΣΙΟΣ
866 2401 973 2483 πάλιν,
996 2403 1014 2468 ὃ
1035 2406 1146 2490 πρώην
1167 2377 1375 2489 πατριάρχης.

530 2565 690 2641 Ἐλθόντος
721 2555 825 2632 αὐτοῦ
851 2570 911 2632 τοῦ
931 2571 1032 2653 κνροιῖ
1060 2572 1231 2635 Διονυσίου
1260 2571 1305 2644 εἰς
1328 2566 1383 2651 την
1402 2543 1543 2649 μεγάλην
1620 2578 1622 2585 “

408 2760 409 2763 ¹
448 2669 636 2761 Ιεἰιιιλησιάν,
669 2668 724 2731 κατ’
752 2664 808 2737 τὸν
840 2665 1073 2753 πατριαρχικόν
1113 2665 1228 2752 θρόνον
1258 2669 1410 2749 δευτέραν
1438 2662 1544 2750 φοράν

451 2761 675 2848 ἐπαναλαβάν,
699 2762 842 2850 ἔδραμον
872 2768 1035 2853 α’ρχιερεῐς
1057 2765 1197 2853 κληρικοὶ
1223 2768 1278 2831 καί
1300 2766 1388 2829 πάσα
1401 2761 1590 2869 lemorel-20

525 3054 593 3105 Cum
611 3054 705 3124 itaque
724 3056 846 3107 sultanus
867 3072 989 3125 magnam
1007 3058 1073 3118 iram
1091 3056 1216 3109 adversus
1234 3054 1412 3126 patriarcham
1432 3060 1545 3121 gereret,

456 3124 569 3175 clericos
595 3126 709 3187 accivit,
722 3144 723 3147 ¹
735 3127 822 3197 iisque
841 3130 993 3190 mandarit,
1010 3129 1091 3179 alium
1112 3127 1290 3197 patriarcham
1310 3128 1446 3177 facerent:
1466 3141 1545 3175 nemo

456 3210 521 3245 vero
541 3194 619 3245 illum
637 3196 769 3260 alterum,
793 3198 839 3267 qui
858 3207 939 3249 antea
959 3200 1071 3260 suisset,
1092 3201 1240 3269 reciperet,
1265 3215 1316 3249 nec
1334 3198 1419 3256 ullum
1437 3214 1496 3247 cum
1513 3210 1546 3245 eo

458 3267 645 3316 commercium
662 3265 788 3318 haberet:
808 3269 922 3339 alioqui,
939 3272 962 3320 si
974 3262 1040 3340 ‘quis
1059 3270 1112 3321 hoc
1132 3270 1304 3322 interdictum
1319 3268 1430 3318 'violans
1449 3265 1547 3334 ‹lepre-

458 3334 634 3399 lsenderetur,
651 3352 711 3388 eum
731 3355 888 3408 suspensum
906 3341 949 3391 iri.
986 3340 1081 3392 audita
1094 3350 1149 3392 tam
1164 3357 1255 3393 severa
1276 3340 1413 3390 sententia
1427 3347 1455 3388 et
1475 3354 1547 3387 com-

457 3408 606 3458 minatione
624 3408 734 3470 sultani,
754 3420 873 3461 coactum
892 3418 934 3463 est
951 3412 1096 3463 concilium
1117 3412 1274 3480 pontificum
1294 3410 1451 3461 clericorum
1470 3406 1550 3458 nobi·

459 3478 526 3529 lium
547 3486 575 3529 et
593 3479 678 3530 totius
700 3478 807 3547 plebis,
828 3482 995 3551 patriarchae
1020 3481 1128 3533 creandi
1150 3499 1238 3533 causa.
1275 3481 1313 3531 ibi
1332 3481 1427 3529 animis
1446 3476 1549 3529 difficili

460 3550 660 3601 consultatione
682 3549 824 3614 distractis,
842 3554 947 3604 cuinam
961 3554 1129 3621 potissimum
1146 3554 1168 3603 is
1186 3554 1273 3603 honor
1286 3548 1451 3601 mandandus
1470 3554 1551 3609 esset,
1592 3610 1595 3616 ι

459 3622 536 3672 venit
552 3620 591 3671 cis
610 3622 639 3671 in
656 3629 774 3673 mentem
803 3625 951 3692 superioris
981 3622 1148 3692 patriarchae
1168 3622 1307 3689 Dionysii,
1325 3621 1373 3690 qui
1392 3637 1420 3671 se
1439 3634 1549 3671 munere

461 3690 633 3743 abdicaverat
651 3699 679 3742 et
698 3693 727 3743 in
747 3693 880 3745 coenobio
896 3694 1047 3747 Cosinitzae
1064 3693 1220 3745 versabatur
1232 3701 1342 3762 propter
1361 3692 1489 3742 iniustam
1508 3706 1551 3740 ca-

461 3762 602 3823 lumniam,
642 3779 676 3824 ua
695 3763 805 3832 quidam
824 3764 912 3832 ipsum
932 3765 1141 3817 circumcisionis
1160 3766 1271 3816 crimine
1290 3762 1494 3814 infamaverant,
1514 3761 1553 3817 ita

462 3832 570 3901 sultano
593 3780 750 3897 inllicarunt
776 3834 817 3885 ιε’
832 3834 968 3886 invenisse
997 3838 1084 3888 virum
1111 3835 1294 3905 patriarchatu
1322 3833 1442 3900 dignum.
1489 3839 1553 3882 tunc

464 3902 522 3969 ipse
540 3904 630 3956 statim
655 3912 742 3956 certos
770 3904 893 3957 homines
924 3904 960 3956 ad
976 3907 1054 3957 illum
1081 3907 1155 3959 misit
1172 3923 1232 3959 cum
1257 3904 1403 3969 mandatis,
1424 3903 1471 3974 qui
1490 3918 1553 3971 pro-

465 3970 547 4093 felll'
574 3976 748 4043 quantumvis
774 3976 969 4042 reluctantem,
994 3977 1165 4030 adduxerunt
1191 3975 1314 4030 invitum.
1360 3982 1418 4026 erat
1449 3975 1556 4024 istunc

466 4057 498 4093 va
532 4060 651 4097 esenex.
683 4062 685 4065 ’
1558 4084 1561 4087 -

558 4210 576 4243 ⁸
717 4210 763 4263 Xl.
788 4212 827 4263 .Ρ.
851 4208 1035 4265 DlONYSlUS
1045 4247 1047 4250 -
1059 4214 1183 4283 superior
1204 4212 1304 4293 denuo.

538 4352 575 4403 Ut
587 4350 697 4407 advenit
708 4354 736 4405 in
748 4370 868 4423 magnam
884 4358 1023 4409 ecclesiam
1036 4358 1181 4425 Dionysius
1194 4359 1348 4428 iterumque
1361 4336 1563 4426 patriarchicum
1610 4368 1613 4371 ’

470 4420 562 4475 sedem
581 4424 663 4493 cepit,
682 4434 822 4478 currentes
840 4443 940 4481 venere
966 4429 1125 4497 pontifices,
1144 4430 1248 4494 clerici,
1266 4430 1355 4500 quiris
1373 4427 1443 4479 sacri
1461 4424 1563 4477 ordinis
