3692 5350
766 605 1082 673 ιιιιιιιιισιιιει.
1316 571 1319 574 ’
1396 607 1466 679 109
1497 630 1522 697 χ
1556 610 1560 616 ·

380 759 442 824 ’άπὸ
464 756 537 830 τοάς
562 749 721 837 Τοάρκους
756 759 812 817 καί
830 752 884 818 τὸν
905 752 1043 838 ἔκοψαν,
1066 753 1141 822 ὅταν
1159 758 1214 822 τάν
1232 761 1353 843 ἐπῆραν
1373 762 1469 826 σκλά·

380 865 436 942 βάν
456 859 520 924 έδσῖ
539 855 584 928 εἷς
603 853 1026 936 τῆν’Κωνσταντινοάπολιν.
1054 918 1056 923 ,
1081 856 1243 941 έσυνήχθη
1268 862 1303 923 δὲ
1326 861 1400 941 περί
1416 865 1471 942 τῆς

380 956 525 1039 ιοιαάτης
543 952 731 1036 κατηγορίας
745 949 876 1025 σύνοδος
889 951 1011 1038 μεγάλη
1025 956 1212 1039 α’ρχιερὲων,
1234 962 1471 1042 μητροπσλιτων
1515 1021 1522 1030 ,

381 1050 637 1138 άρχιιπισκάπων
671 1051 725 1113 κατ’
761 1046 947 1114 ἐπισκόπων.
997 1057 1052 1116 καί
1073 1058 1260 1129 καθίσαντες
1277 1059 1311 1119 έν
1331 1060 1375 1146 τῷ
1396 1056 1472 1146 ispa?

355 1161 546 1241 5ιιριτηρίῳ,
580 1146 660 1232 μετά
694 1149 748 1212 κατ’
768 1148 828 1210 ταῖν
857 1149 1053 1229 τιμιωτάτων
1082 1159 1237 1236 κληρικοάν
1258 1159 1314 1236 τῆς
1335 1156 1472 1239 μεγάλης

349 1273 351 1280 “
380 1256 544 1336 ἐκκλησίας
578 1253 781 1330 συνηγμένων
811 1250 867 1311 κατ’
898 1252 962 1311 ταῖν
983 1248 1210 1331 εὐγενεστάτων
1240 1253 1398 1335 ἀρχόντων
1417 1253 1473 1318 καί

380 1352 495 1426 παντὸς
514 1353 572 1415 τοῦ
603 1346 745 1430 πλήθους
775 1351 830 1410 τοῦ
852 1349 957 1410 κοινοῦ
980 1354 1085 1413 λαοῦ·
1140 1351 1194 1414 καί
1214 1351 1256 1425 ὥς
1278 1350 1470 1437 έκάθισευῆ

380 1448 451 1568 ἱερά
474 1450 625 1526 σύνοδος,
653 1439 754 1530 ηλθαν
788 1442 967 1528 ἔμπροσθεν
998 1446 1028 1512 οἱ
1052 1447 1172 1531 ἔλεγχοι
1195 1452 1295 1514 ου’τοιῖ
1325 1456 1384 1515 τοῦ
1410 1478 1473 1516 πα-

380 1551 545 1634 τριάρχου,
568 1572 597 1612 σι
589 1541 722 1609 ὁποῖοι
740 1538 822 1628 ἦσαν
849 1550 930 1621 τινὲς
953 1544 987 1610 έκ
1018 1550 1081 1612 raia
1101 1553 1161 1612 τοῦ
1183 1547 1308 1634 κλήρου,
1330 1557 1384 1616 καί
1401 1551 1473 1616 ἔλε-

306 1679 308 1684 ·
342 1664 441 1733 ιθγαν
470 1655 525 1712 καί
551 1637 663 1728 ε’βάουν
694 1668 744 1707 οτι
779 1669 829 1708 ναι
865 1646 992 1762 άληθῶς
1025 1649 1334 1765 περιτετμημένος
1311 1665 1384 1714 εναι
1407 1651 1470 1715 dud

382 1749 455 1823 τοάς
477 1747 644 1836 Τοίρκους.
698 1742 714 1806 o‘
748 1746 783 1808 δὲ
806 1743 1007 1830 πατριάρχης
1037 1741 1134 1825 ὄμνυε
1153 1747 1234 1825 μετά
1257 1750 1397 1834 φρικτιόν
1417 1747 1472 1834 dp·

383 1873 445 1932 κοοκ
468 1837 585 1910 datad
607 1837 667 1908 ὅσα
699 1848 822 1925 λέγουν.
845 1845 897 1907 δέν
929 1840 1010 1908 εἶναι
1031 1844 1192 1929 α’ληθινά·
1248 1849 1344 1929 μόνον
1363 1849 1473 1914 άδικία

385 1946 652 2029 καίσυκοφαντία
674 1940 751 2007 έναι.
808 1940 873 2025 α’μή
901 1943 996 2008 adres*
1026 1947 1079 2007 ὀὲν
1102 1941 1250 2027 ἔστεργαν
1269 1946 1340 2020 roric
1362 1928 1481 2031 ὅρκους-

369 2037 500 2108 αάτοιῖ·
542 2040 640 2123 μόνον
657 2045 887 2125 περισσοτέρως
908 2041 1060 2123 ε’βόοον“
1040 2067 1092 2106 οτι
1113 2051 1372 2165 περιτετμημένος
1391 2046 1471 2112 έναι.

343 2142 539 2209 ιδάκοάσντα
563 2143 598 2204 δὲ
629 2168 647 2224 η
638 2140 800 2215 συνοδος
825 2145 926 2204 ταῦτα
952 2139 1135 2259 ἐθαύμαζε,
1155 2168 1205 2207 και
1225 2146 1304 2220 τινές
1325 2151 1383 2227 μὲν
1403 2149 1475 2211 εἰιί-

383 2265 498 2328 στευαν
517 2241 609 2305 τοῦτο
632 2239 687 2303 καί
706 2241 787 2313 τινὲς
822 2242 875 2306 tea
901 2237 937 2304 τὸ
957 2239 1133 2306 έπίσττυαν.
1185 2241 1260 2307 ὅδὲ
1280 2243 1475 2329 πατριάρχης
1527 2257 1531 2262 ’

384 2325 585 2424 ἐβλέποντο
572 2338 648 2414 τούς
678 2341 825 2421 ἐλέγχους
845 2345 899 2404 κατ’
931 2339 1070 2424 έχθροάς
1092 2342 1203 2465 ατίτρῦ,
1226 2340 1272 2406 ὅτι
1295 2345 1409 2408 θέλσυν
1431 2346 1471 2410 νά

279 2475 308 2502 ·,
384 2441 444 2507 τὸν
461 2439 730 2525 κατακυριεάσουν
763 2444 803 2520 μὲ
824 2439 861 2504 τά
883 2443 1034 2537 ψὲματα,
1055 2437 1161 2506 δέν
1130 2467 1197 2524 ειχε
1218 2445 1289 2506 τίνα
1309 2444 1395 2567 κάμη
1418 2444 1473 2508 διά

385 2541 422 2606 νά
447 2539 571 2627 φανηῆ
600 2537 736 2623 άλὴθεια
756 2565 807 2603 και
834 2542 899 2614 πῶς
922 2541 1042 2604 αὐτοι).
1036 2544 1137 2622 έγσυν
1158 2547 1298 2622 ψέματοι
1321 2545 1395 2621 έξ’
1375 2542 1473 2627 ανάγ-

341 2659 441 2726 γονης
472 2666 523 2705 και
545 2638 642 2720 νόμου
656 2627 875 2719 μετάθεσις
839 2662 965 2758 γινεται.
990 2665 1039 2702 και
1067 2637 1141 2724 ε”τζη
1157 2638 1300 2725 έσηκιάθη
1312 2645 1367 2705 καί
1381 2645 1474 2707 έστα·

385 2740 515 2857 μα’τισεν
538 2739 634 2824 σ’ρθὸς
652 2744 735 2820 μέσα
756 2742 800 2811 εἰς
820 2765 877 2859 την
897 2743 989 2819 μέσιν
1004 2763 1059 2802 του
1047 2739 1213 2822 πλήθους
1234 2744 1290 2803 rosi
1310 2744 1400 2820 λαοῦ,
1422 2768 1475 2808 και

386 2837 524 2925 ε’σήκωσε
546 2849 616 2916 ταις
629 2832 742 2923 άκραις
755 2842 817 2902 raia
831 2838 956 2969 ρουχαῖν
969 2837 1071 2901 adro5
1083 2836 1163 2902 ὄποῦ
1175 2837 1294 2924 έφὸριε,
1307 2866 1359 2905 και
1355 2839 1476 2919 ἔδειξε

369 3124 569 3173 circumcisum
590 3139 604 3171 a
624 3123 728 3181 turcis,
750 3121 833 3190 idque
852 3122 900 3170 ilio
916 3130 1036 3190 tempore
1057 3138 1110 3191 quo
1122 3122 1199 3192 epoti
1219 3126 1351 3193 captivum
1371 3127 1399 3176 in
1417 3141 1476 3176 ser·
1482 3125 1485 3130 ’

388 3195 500 3245 vitutem
513 3193 707 3244 abduxissent
752 3201 896 3243 convocata
914 3193 983 3253 fuit,
1003 3192 1082 3243 hssius
1099 3195 1291 3246 criminationis
1310 3212 1476 3263 cognoscen-

327 3262 329 3267 ’
389 3265 440 3328 dac
460 3281 546 3323 causa,
565 3265 653 3331 ampla
685 3262 802 3345 synodus
825 3231 1013 3333 frequentiiius
1044 3263 1217 3331 pontificibus
1236 3268 1477 3334 metropolitisar·

374 3302 774 3403 lctiiepiscopisesepiscopis.
812 3337 941 3401 quicum
968 3334 1040 3384 ins.
1061 3335 1165 3385 ιιιιΙιτιο
1180 3338 1372 3398 consedissent
1392 3337 1477 3389 advo·

389 3407 469 3456 catis
476 3421 585 3474 quoque
604 3404 804 3454 venerabilibus
811 3420 930 3488 magnae
951 3404 1044 3453 ecclee'
1025 3420 1080 3456 sae
1099 3406 1211 3466 clericis,
1230 3409 1395 3473 congregatis
1411 3409 1476 3459 item

228 3520 230 3523 .
308 3530 309 3533 η
346 3474 348 3479 ’
389 3476 608 3561 principibusde
629 3475 1297 3542 nobilitatevirisactotapoprdimultitudine,
1318 3476 1476 3531 considente

321 3554 324 3561 ’
349 3586 352 3593 .
388 3550 441 3601 iam
461 3547 486 3597 S.
506 3544 607 3613 synodo
626 3546 866 3617 progrediuntur'
859 3562 887 3595 ιιι
905 3544 1022 3595 medium
1049 3554 1214 3597 accusatores
1235 3548 1411 3615 patriarchae,
1429 3550 1477 3617 qui

389 3626 466 3668 erant
492 3635 524 3667 ex
544 3618 698 3667 clericorum
716 3624 804 3667 coetu.
834 3624 1010 3679 asseverant,
1040 3632 1090 3665 nec
1109 3617 1165 3666 sine
1192 3616 1306 3666 clamore
1328 3618 1477 3670 acmaiore

389 3687 461 3739 vocii
482 3690 672 3747 contentione,
694 3704 722 3738 sa
740 3703 801 3738 vere
818 3686 869 3737 hoc
890 3687 998 3747 dicere,
1021 3685 1196 3755 patriarcham
1217 3702 1232 3735 a
1251 3687 1344 3737 Tuscis
1362 3690 1477 3739 circum-

389 3759 472 3809 cisum
492 3774 559 3809 esse
595 3756 746 3827 patriarcha
759 3767 851 3809 contra
871 3754 1036 3809 severissime
1055 3757 1151 3819 iurare,
1170 3774 1201 3807 ea
1222 3774 1291 3825 quae
1313 3760 1364 3827 ipsi
1384 3757 1475 3811 dicant

389 3846 560 3913 nequaquam
581 3846 638 3879 esse
656 3836 726 3885 ver'a,
746 3828 818 3879 sed'
811 3830 1010 3897 iniquissimam
1037 3836 1065 3877 et
1083 3827 1342 3896 impudentissimum
1360 3829 1475 3880 menda-

390 3901 469 3950 cium
513 3901 555 3951 iili
584 3916 646 3949 vero
665 3898 736 3950 nihil
753 3900 839 3950 1οοί
832 3897 1016 3949 iuriiurando
1044 3898 1101 3948 eius
1123 3899 1284 3967 relinquere,
1305 3898 1351 3949 sed
1369 3908 1473 3952 tantum
1520 3907 1525 3916 ‘

389 3988 489 4021 maiore
507 3988 571 4020 voce
590 3972 699 4027 instare,
719 3978 746 4019 et
736 3970 934 4021 tcontendere
961 3969 1143 4018 circumcisum
1162 3985 1228 4018 esse.
1272 3978 1360 4037 patres
1380 3971 1475 4040 etqui

390 4041 652 4101 concilioaderant‚
676 4039 841 4090 mirabantur
865 4040 933 4089 haec
951 4039 1111 4099 audientes,
1131 4038 1291 4108 quibusdam
1310 4043 1410 4092 crimen
1426 4060 1475 4094 ve-

391 4129 448 4162 rum
471 4128 529 4161 esse
547 4110 737 4171 credentibus
767 4111 827 4161 aliis
847 4119 935 4161 autem
962 4110 1041 4158 fidem
1065 4109 1264 4176 derogantibus.
1302 4114 1474 4184 quamobrem

390 4182 557 4247 patriarcha,
575 4199 686 4234 cernens
712 4182 763 4230 vim
785 4190 813 4231 et
831 4181 1025 4232 vehementiam
1053 4180 1259 4231 adversariorum
1287 4199 1409 4245 suornm,
1429 4200 1475 4235 eos

263 4262 265 4267 '
331 4278 333 4313 ζ
390 4252 445 4304 hoc
461 4254 545 4303 sotum
563 4270 671 4329 agere,
700 4251 834 4321 qumodo
854 4250 1064 4319 putidissimis
1056 4267 1142 4319 spsnm
1161 4253 1306 4303 mendaciis
1325 4252 1476 4322 perfunde·

392 4334 471 4389 rcnta
497 4342 551 4394 quo
579 4340 607 4374 se
624 4328 740 4374 verteret
769 4340 823 4373 non
851 4322 986 4382 habebat,
1016 4323 1155 4373 utveritas
1175 4325 1203 4374 in
1222 4327 1309 4373 lucem
1327 4327 1430 4375 veniret
1448 4332 1477 4375 et

376 4394 511 4461 'ipsorum
538 4396 671 4445 calumnia
694 4390 844 4459 patefieret
887 4394 953 4463 quia
977 4399 1040 4458 ergo
1066 4395 1254 4462 pernegando
1259 4404 1291 4445 et
1310 4394 1475 4445 sanctissime

283 4510 285 4517 .
348 4532 351 4540 Ι
394 4465 505 4531 iurando
533 4465 603 4517 nihil
626 4465 804 4535 proficiebat,
830 4482 861 4517 ειι
887 4466 1044 4517 necessitate
1078 4463 1111 4515 ad
1132 4466 1280 4519 remedium
1297 4465 1400 4532 legibus
1419 4479 1476 4515 non
