3692 5350
846 561 1047 627 nmmos.
1141 524 1143 527 ’
1448 558 1486 627 u

406 706 516 786 κυριόυ
534 706 664 794 Ἰωσήφ,
687 705 722 783 tc
743 710 798 772 καί
817 706 850 774 ἐν
863 710 1046 798 Φλωρεντίᾳ
1068 710 1254 793 ἐτελεύτησε,
1269 708 1331 787 καί
1350 716 1492 795 λειτουρ-

389 808 478 894 ,γίας
498 810 665 891 γενομένης
690 810 724 872 ἐν
752 811 794 893 τῷ
814 812 950 895 μεγίστῳ
980 814 1043 895 ναῷ
1076 812 1129 891 τῆς
1149 813 1205 872 τοῦ
1227 814 1304 873 θεοῦ
1319 806 1417 894 ’λόγου
1438 836 1491 875 σο-

407 907 485 989 φίας
504 904 695 991 ἐμελέτησαν
725 910 780 971 καί
799 906 963 989 ἐκύρωσαν
988 898 1193 988 α’ποπλέὕσαι,
1216 908 1492 993 χειροτονήσαντες

406 999 542 1086 ἔξαρχον
568 1008 623 1089 τῆς
648 1002 785 1071 συνόδου
815 1006 951 1089 Μάρκον
986 1005 1042 1069 τόν
1070 1006 1246 1089 εδγενικόν,
1274 1008 1329 1073 τόν
1360 1010 1491 1095 Ἐφέσου
1516 1078 1518 1083 ,

382 1103 641 1188 δμητροπολίτήν.
664 1104 867 1180 κατελθόντες
888 1099 945 1169 σόν
964 1094 1020 1168 καί
1038 1109 1108 1169 ἐκεῖ
1131 1102 1321 1183 όπελδόντες
1341 1108 1396 1172 καί
1416 1132 1492 1172 συν.

406 1200 544 1278 ελεόσεις
573 1202 759 1288 ποιήσαντες
785 1206 841 1268 καί
860 1207 978 1270 διετίαν
1000 1198 1075 1288 όλην
1104 1208 1363 1289 ἐνδιατρίψαντες
1384 1209 1492 1292 ἐποίη.

405 1324 466 1364 σαν
485 1302 545 1381 μὲν
565 1304 691 1379 ἕνωσιν,
713 1302 756 1377 ὥς
782 1306 821 1366 τό
845 1302 1014 1385 Προκτικοὶ
1045 1308 1099 1389 τής
1117 1302 1153 1368 ἐν
1175 1304 1357 1395 Φλωρεντίγ
1379 1306 1493 1391 ταότής

406 1402 571 1484 λεγομένης
584 1396 698 1485 όγδόής
715 1399 852 1466 συνόδου
867 1408 961 1485 λέγει,
979 1408 1064 1479 τέλος
1081 1408 1116 1469 δέ
1128 1406 1268 1487 χρηστόν
1288 1408 1391 1487 ου’δέν,
1411 1402 1493 1481 όλοος

405 1500 462 1561 τοῦ
479 1499 611 1584 Ἔφέσου
631 1500 675 1584 μή
701 1498 953 1584 όπογρόψαντος,
975 1502 1055 1567 α’λλό
1077 1508 1131 1567 καί
1144 1508 1337 1586 λογομαχίας
1356 1506 1411 1569 κάἰ
1431 1498 1494 1569 αό-

365 1608 398 1662 10
407 1600 458 1673 θος
478 1598 670 1682 κινησόντοον
692 1603 823 1681 πολλῶν,
845 1597 896 1665 ότι
911 1606 956 1677 εἰς
971 1606 1027 1687 τήν
1039 1605 1278 1667 Κωνσταντίνου
1300 1601 1490 1689 ἐπανῆλθον.

408 1694 482 1764 όδεν
504 1701 637 1780 ου’δεμία
671 1704 792 1784 ἐγένετο
813 1700 966 1785 βοήθεια,
987 1699 1068 1767 α’λλό
1088 1702 1143 1767 τόν
1160 1700 1256 1768 Ὕλαν
1276 1700 1405 1788 ἔκραζον
1423 1714 1498 1769 και·’
1581 1772 1585 1777 ,

375 1857 377 1862 .
406 1794 464 1879 ρόν
484 1794 584 1862 τόσον.
921 1797 924 1806 ’
1006 1880 1010 1889 ι
1493 1844 1496 1853 =
1533 1868 1534 1872 ,

503 1886 753 1962 Ἐπανελδόντων
776 1901 812 1964 δέ
845 1898 906 1962 α’πό
938 1900 1066 1977 Ἰταλίας
1093 1903 1263 1980 κατέλαβεν
1296 1897 1312 1965 ό
1342 1899 1492 1982 βασιλεός

405 1993 460 2079 τήν
481 1990 597 2061 ἐαυτοῦ
625 1996 775 2083 φιλτάτην
808 2010 942 2083 γυναῖκα
970 2005 1105 2083 Μαρίαν
1138 2000 1195 2084 τήν
1226 1998 1492 2083 Καντακυυζηνήν
1523 2004 1528 2017 ‘

366 2096 462 2157 ¹501?ae
483 2099 517 2161 έν
540 2098 639 2183 ζῶσιν
655 2096 734 2161 etad
757 2100 987 2183 τελευτήσασαν
1008 2099 1067 2183 πρό
1087 2102 1217 2184 καιροῦ·
1238 2102 1293 2164 καί
1312 2092 1491 2192 attempt.

406 2216 457 2271 τος
476 2198 536 2276 μὲν
557 2200 591 2260 ἐν
612 2192 695 2285 λόπῃ
715 2191 763 2281 ἤν.
814 2197 843 2263 oi
866 2202 901 2263 di
932 2202 966 2264 ἐν
986 2204 1024 2288 τῇ
1044 2199 1132 2265 πόλει
1153 2201 1302 2283 κληρικοί,
1316 2198 1493 2281 Ὶὶερομόνα-

404 2317 479 2376 χοι,
502 2292 614 2378 ἱερεῖς,
637 2297 814 2381 ἡγεόμενοι,
835 2302 1042 2378 πνευματικοί
1060 2297 1154 2364 νίαίοὶ
1176 2300 1280 2363 λοιποί
1303 2298 1359 2362 eds
1378 2294 1491 2383 ήθελον

406 2399 686 2481 συλλειτουργήσαι
719 2407 785 2473 τοῖς
817 2401 965 2464 ἐλθοῦσιν
993 2394 1013 2482 ἢ
1036 2402 1251 2486 μνημονεῦσαι
1277 2394 1403 2478 αότοός,
1422 2398 1492 2487 ἄλλ’

406 2496 594 2576 ἐχαρίζοντο
617 2495 720 2560 αότῶν
741 2497 785 2573 τός
806 2500 930 2582 α’σεβιδν
950 2503 1058 2568 εἰπεῖν.
1085 2498 1196 2563 πολλοί
1215 2502 1250 2563 δὲ
1271 2494 1491 2587 παρῃτήσαντο

363 2594 461 2656 20καί
480 2593 537 2678 τήν
563 2592 746 2680 ίεροοσόνην.
796 2598 851 2662 καί
870 2602 992 2682 γέγονεν
1022 2599 1173 2683 ήένεοσις
1202 2602 1366 2682 διαίρεσις.
1409 2591 1493 2661 odem
1550 2606 1551 2611 ’

407 2690 446 2778 δή
471 2702 653 2781 φερομένων
674 2700 737 2763 τῶν
757 2700 1019 2782 ἐκκλησιαστικιόν
1049 2699 1092 2774 ὥς
1116 2696 1243 2780 ἔτυχεν,
1264 2699 1320 2762 καί
1339 2695 1383 2780 μή
1407 2691 1492 2775 ὄντος

477 2855 504 2907 8.
525 2855 648 2913 συνόδου
667 2856 720 2910 add
735 2860 757 2910 A

407 3015 481 3050 crum
500 2999 653 3052 faciendum
671 3019 729 3052 cum
751 3001 901 3071 patriarcba
919 2999 1044 3070 iosepho,
1067 3001 1113 3072 qui
1134 3009 1227 3072 postea
1246 2999 1402 3052 florentine
1421 2998 1492 3051 diem

409 3087 485 3120 suum
506 3071 594 3134 obiit,
623 3074 820 3135 convenissent,
839 3073 947 3140 liturgia
972 3073 999 3122 in
1018 3074 1133 3124 maximo
1156 3072 1240 3123 divini
1270 3073 1324 3139 logi
1343 3071 1492 3140 sapientiae

408 3142 508 3210 templo
522 3152 628 3209 peracta
647 3146 769 3212 navigare
790 3143 852 3194 inde
873 3142 1056 3204 decreverunt,
1074 3143 1187 3194 exarcho
1204 3161 1250 3195 seu
1271 3143 1409 3212 inceptore
1428 3158 1493 3207 syn-

406 3210 454 3262 odi
477 3211 614 3280 desiguato
633 3215 722 3265 Marco
743 3215 885 3281 Eugenico,
904 3213 1002 3284 Ephesi
1023 3215 1202 3283 metropolita.
1239 3213 1322 3265 delati
1340 3215 1367 3264 in
1387 3213 1493 3263 italiam

339 3287 343 3298 “
409 3299 469 3332 cum
488 3283 522 3333 nd
541 3285 652 3336 Latinos
672 3286 824 3347 venissent,
844 3293 906 3354 post
935 3285 1026 3354 plures
1047 3302 1202 3354 congressus
1223 3293 1250 3337 et
1271 3285 1368 3352 integri
1388 3283 1494 3334 biennii

408 3369 508 3404 moram
539 3370 603 3406 sane
629 3357 755 3407 unionem
781 3374 827 3408 seu
847 3373 1004 3406 consensum
1029 3355 1159 3418 iecerunt,
1182 3353 1408 3427 quemadmodum
1435 3361 1494 3405 ncta
1543 3387 1544 3392 ,

411 3423 683 3490 Florentinaehuius‚
704 3443 775 3498 quoe
787 3435 879 3478 octava
894 3427 1056 3487 nominatur,
1075 3425 1168 3492 synodi
1184 3425 1338 3494 perhibente
1355 3425 1401 3474 sed
1420 3424 1492 3474 exitu
1569 3475 1571 3480 f

401 3494 486 3545 ‘nullo
504 3495 597 3558 bono,
626 3514 658 3548 eo
684 3498 758 3567 quod
778 3497 946 3549 subscribere
974 3506 1107 3548 recusaret
1136 3495 1287 3565 Ephesius,
1305 3503 1333 3546 et
1353 3492 1493 3544 verborum

409 3567 632 3632 concertationes,
649 3577 791 3639 postquam
801 3569 907 3638 Cpotim
928 3567 1077 3631 rediissent,
1095 3567 1160 3616 nlius
1174 3567 1263 3616 denuo
1278 3562 1353 3620 multi
1365 3571 1494 3615 sererent.

410 3652 441 3685 ea
462 3654 540 3688 causa
559 3639 612 3689 init
629 3640 732 3691 nullius
759 3648 852 3709 postea
870 3640 1001 3689 summissi
1026 3639 1132 3688 auxilii:
1149 3635 1196 3688 sed
1213 3637 1317 3704 Hylam,
1336 3643 1367 3686 ut
1383 3651 1493 3702 prover-

407 3705 456 3758 bio
474 3707 582 3772 dicitur,
601 3717 675 3761 tanto
694 3719 815 3780 tempore
834 3711 1019 3761 clamaverant.

479 3795 622 3865 Postquam
640 3815 674 3865 es
691 3799 770 3850 Italis
786 3799 893 3850 domum
905 3796 1018 3848 reditum
1032 3795 1092 3856 suit,
1112 3795 1229 3863 repperit
1247 3795 1390 3862 imperator
1402 3809 1493 3855 venam,

409 3881 489 3934 quam
509 3884 610 3919 summe
629 3868 771 3930 diiexerst
789 3870 938 3936 coniugem,
948 3868 1057 3918 Mariam
1070 3866 1290 3934 Castae-ozenam,
1309 3880 1364 3914 nou
1378 3863 1494 3931 amplius

408 3935 436 3986 in
453 3936 521 3988 vivia
548 3939 596 3989 sed
623 3949 686 3992 ante
706 3948 811 4007 tempus
837 3941 890 3990 vita
921 3937 1084 3988 destructam.
1121 3936 1157 3994 ita
1177 3933 1221 3985 bic
1238 3933 1347 4004 quidem
1367 3935 1394 3985 in
1418 3934 1492 3985 luctu
1572 3945 1574 3950 '

409 4015 474 4057 erat.
498 4010 559 4078 .qui
588 4027 650 4061 vero
682 4011 709 4060 in
738 4009 804 4060 urbe
828 4008 963 4076 degebant
989 4007 1086 4065 cimici,
1104 4003 1312 4066 hieromonachi,
1332 4004 1492 4068 sacerdotes,

343 4092 346 4098 ’
409 4076 530 4137 abbates,
547 4079 763 4131 confessionibus
781 4079 922 4150 audiendis
946 4077 1090 4146 praepositi
1113 4077 1289 4147 (pneumatici
1308 4075 1384 4143 dicti)
1401 4081 1431 4126 ac
1449 4091 1493 4126 ce·
1546 4081 1576 4126 ff

408 4149 480 4212 teri,
509 4149 529 4199 ii
550 4150 680 4202 nolebant
700 4150 821 4216 liturgias
840 4158 868 4201 et
887 4166 960 4202 sacrs
979 4163 1038 4198 cnm
1057 4147 1112 4198 illis
1142 4148 1188 4216 qui
1209 4151 1338 4200 venerant
1356 4146 1494 4198 celebrare

408 4227 457 4270 aut
485 4219 514 4271 in
536 4222 659 4289 precibus
683 4223 848 4272 mentionem
870 4220 987 4288 ipsorum
1014 4218 1119 4280 facere,
1144 4217 1192 4269 sed
1209 4218 1243 4269 ab
1263 4215 1493 4277 eis'recedebsnt,

408 4296 538 4360 tanquam
567 4293 615 4360 qni
644 4293 791 4361 pietatem,
817 4299 848 4341 nt
874 4292 909 4341 ita
937 4290 1039 4351 dicam,
1065 4288 1236 4358 abiecissent.
1273 4289 1351 4340 multi
1370 4285 1493 4338 sacerdo·

408 4361 448 4410 tio
468 4361 547 4412 etism
569 4363 764 4430 renuntiarunt.
811 4361 929 4431 denique
957 4361 1088 4412 unitatem
1115 4359 1221 4422 divisio,
1247 4358 1417 4428 concordiam
1435 4355 1492 4406 dis-

408 4430 500 4483 cordia
518 4438 669 4485 consecuta
680 4442 731 4486 est.
767 4431 800 4484 ad
821 4433 893 4485 bunc
910 4430 1019 4485 modum
1031 4431 1128 4484 iactato
1147 4439 1249 4484 temere
1276 4430 1404 4481 ecciesiae
1421 4433 1493 4479 statu
