3692 5350
677 581 993 666 perarmemus.
1338 596 1385 702 οι

295 752 461 827 βασιλείας
493 747 610 825 adron,
640 744 701 808 α’πό
725 743 797 819 τοός
833 748 978 830 πρώτους
999 751 1056 812 τοῦ
1075 749 1170 831 τόπου
1193 751 1311 814 ἐκείνου
1333 756 1390 834 τῆς

301 849 552 930 Τραπεζοῦντος,
578 848 633 910 καί
653 839 729 928 ἦτον
749 842 874 928 ἔγγονας
906 844 1188 930 τοῦ’1όηιαρι,της
1211 848 1389 935 θυγατερός
1463 885 1467 891 »

295 969 353 1010 του
376 943 464 1020 υἱός·
511 943 627 1025 όμοιόος
658 943 713 1008 καί
733 944 755 1009 ό
778 949 961 1026 Μοχομέτο
987 949 1124 1031 πασιιῖς,
1154 950 1189 1010 ἑκ
1211 949 1265 1030 τῆς
1293 940 1390 1032 όλλης

296 1042 537 1127 θυγατρόςτοιῖ
556 1043 683 1129 Ἰόγαρι,
706 1044 787 1107 duod
806 1037 878 1127 ἦτον
899 1047 944 1120 εἷς
957 1043 1022 1127 ,τήν
1043 1050 1188 1129 Σερβιάν.
1241 1045 1297 1110 καί
1318 1042 1390 1131 ἦτον

271 1143 435 1219 androgei
456 1144 736 1226 πρωτοβεστιιίριος
758 1153 824 1224 μετ’
847 1145 947 1207 adteri
975 1146 1030 1208 τοῦ
1050 1147 1151 1210 ποσαί
1167 1143 1294 1233 ’πρῶτοι
1316 1146 1390 1223 ἑξό-

296 1245 425 1328 όελφοτ,
447 1243 504 1306 όόο
532 1240 723 1328 α’όελφόόων
743 1241 772 1307 oi
795 1241 869 1310 υἱοί.
912 1248 966 1307 καί
985 1239 1051 1325 εἶχε
1072 1249 1251 1328 παρρησιάν
1273 1249 1318 1322 εἰς
1335 1246 1390 1310 τόν

297 1341 471 1406 σουλτιὶνον
504 1343 556 1405 diui
589 1335 689 1422 ὄνομα
712 1346 770 1406 τοῦ
789 1348 891 1407 πασιιῖ
921 1346 978 1407 τοῦ
999 1347 1172 1430 ε”ξαόέληιου
1196 1367 1259 1408 του.
1303 1339 1390 1426 όμιος

296 1439 407 1515 τοῦτος
430 1438 446 1503 ό
477 1446 762 1526 πρωτοβεστιιίριος
791 1436 858 1524 εἶχε
886 1453 1019 1525 γυναῖκα
1049 1443 1181 1530 νόμιμον
1204 1447 1260 1508 καί
1277 1447 1390 1509 πατόιά

295 1543 365 1620 μετ’
387 1543 497 1622 αιίτῆς.
542 1539 558 1602 ό
582 1543 616 1604 di
637 1539 806 1632 σουλτιίνος
827 1541 928 1624 ὑπῆγε
954 1545 1121 1624 προτίτερα
1141 1548 1196 1606 καί
1218 1534 1391 1628 ἐπολέμησε

257 1637 496 1721 ιθτηνἈθῆνα
518 1637 647 1721 κοίτην
668 1638 782 1724 ἐπῆρε·
831 1633 920 1723 ἦσαν·
945 1643 980 1704 όὲ
1010 1638 1078 1705 τότε
1099 1640 1207 1722 χρόνοι
1244 1640 1305 1704 uiuri
1326 1645 1391 1705 κτί-

297 1761 379 1813 σεως
408 1736 528 1818 κόσμου
560 1741 613 1822 ἓξη
641 1738 785 1820 χιλιάδες
815 1738 987 1804 ἐννακόσιοι
1016 1738 1287 1823 ἲξηνιατὲσσαροι.
1338 1741 1394 1804 καὶ
1444 1725 1447 1730 ¹

296 1834 352 1899 τόν
365 1825 528 1920 Ιαὐθέντην
550 1843 614 1901 τῶν
631 1837 788 1919 Ἀθηνῶν,
812 1836 867 1902 τόν
885 1835 1000 1920 ἔκοψεν
1024 1838 1099 1921 ἐκεῖ,
1124 1838 1182 1922 την
1202 1843 1238 1902 δὲ
1258 1850 1393 1920 γυναῖκα
1468 1901 1471 1905 ,

298 1936 402 1997 ου’τοῦ
424 1938 478 2018 καί
496 1933 532 2000 τό
553 1938 665 1998 παιόιά
691 1929 806 2020 ἦφερεν
821 1938 866 2011 είς
886 1935 941 2020 την
962 1935 1294 2002 Κωνσταντινσόπολιν
1319 1941 1391 2002 idai.

299 2027 375 2116 ἦτον
399 2036 434 2097 di
457 2033 538 2116 αότή
558 2039 717 2118 θυγατέρα
737 2038 836 2119 κυροῦ
846 2038 1033 2121 Δημητρίου
1048 2041 1106 2100 τοῦ
1121 2039 1202 2101 Ἀσοῖ
1222 2040 1278 2099 roci
1293 2031 1391 2120 ιῖφεν-

260 2133 354 2208 15τός
380 2136 435 2215 τῆς
456 2135 636 2216 Κορίνθου,
659 2137 714 2199 καί
742 2127 816 2217 ἦτον
837 2133 938 2198 πολλὰ
973 2130 1195 2220 εόμορφστιίτη
1217 2133 1274 2198 καί
1290 2135 1391 2214 ρίςτό
1466 2142 1468 2145 ’

299 2227 470 2315 πρόσωπον
500 2233 553 2297 κατ’
574 2235 619 2310 είς
642 2229 716 2299 όλον
734 2233 767 2299 τό
788 2232 916 2316 κορμη’·
967 2235 1109 2319 ἠκούσθη
1133 2237 1167 2299 di
1190 2236 1209 2318 ἦ
1232 2239 1391 2320 εόμορφία

299 2333 402 2424 αὐτῆς
424 2333 469 2406 εἰς
502 2327 650 2417 όληντην
685 2337 785 2398 πόλιν.
837 2330 977 2408 όκοόσας
1005 2337 1040 2398 di
1069 2337 1112 2397 δι’
1137 2335 1236 2416 αότην
1259 2334 1275 2399 ό
1297 2336 1453 2409 ου’τόςιλα
1509 2378 1522 2400 -,
1588 2386 1591 2390 1
1620 2328 1623 2332 Δ

297 2431 595 2518 πριοτοβεσττόριος
614 2419 752 2517 η’θὲλησε
781 2432 819 2498 νό
842 2433 898 2517 την
922 2438 994 2499 ίόεῖ.
1036 2439 1092 2498 καί
1115 2434 1157 2509 ιός
1178 2429 1245 2514 εἶχε
1268 2460 1392 2517 παρρη-

300 2533 373 2594 σιάν
391 2533 435 2622 εἰς
455 2531 508 2610 τόν
543 2533 715 2618 αὐθέντην,
733 2532 829 2612 ἔκαμε
850 2533 967 2609 πολλός
992 2536 1105 2614 τέχνας
1125 2532 1179 2595 καί
1200 2533 1266 2597 ἴδεν
1286 2531 1393 2616 αότὴν.

261 2633 483 2707 λθκαίκαθτός
503 2629 569 2697 ἴδεν
588 2631 646 2716 την
667 2626 847 2716 εόμορφίαν
875 2633 1008 2718 ἐκείνης,
1031 2629 1141 2697 ἔπεσεν
1160 2627 1216 2716 όλη
1244 2631 1262 2714 ἡ
1286 2633 1392 2716 α’γόπη

303 2718 402 2793 αὐτοῦ
420 2726 515 2818 Ικαίό
539 2728 635 2807 πόθος
670 2733 714 2805 τίς
738 2731 857 2815 αὐτην,
880 2733 935 2794 καί
954 2730 1154 2815 α’ποφιίσισεν
1173 2734 1218 2805 τίς
1239 2730 1295 2794 τόν
1315 2728 1392 2793 Suu.

306 2823 476 2912 τόντουῆ
505 2828 543 2893 νό
574 2828 644 2913 τόνγ
664 2830 765 2916 ἐπάρῃ
793 2840 925 2913 γυναῖκα
957 2827 979 2914 ἢ
1004 2829 1042 2894 νό
1065 2830 1232 2918 α’πεθοίνη,
1263 2832 1319 2894 καί
1337 2837 1393 2911 τῆς

275 2928 278 2939 '
305 2924 390 3011 ιόρας
412 2916 532 2994 ἔστειλε
568 2926 739 3015 γράμματα
770 2935 823 2995 καί
843 2931 1024 3015 μηνύματα,
1057 2930 1100 3005 uic¹
1123 2927 1183 2994 α’νιό
1202 2936 1319 3014 μέρους
1338 2936 1395 2997 τοῦ

1143 3168 1150 3186 ,
1199 3171 1201 3174 ,
1369 3162 1372 3167 .

304 3204 357 3271 gari
377 3203 407 3251 in
426 3200 517 3253 Servio
537 3200 621 3252 aitera
641 3201 696 3252 filia
714 3201 884 3253 Machometa
908 3202 987 3254 bassa
1008 3212 1073 3255 erat.
1111 3205 1148 3255 ita
1168 3204 1196 3254 hi
1215 3202 1278 3263 dno,
1295 3213 1392 3273 proto·

303 3272 444 3325 vestiarius
469 3279 497 3339 et
529 3273 622 3334 bassa,
640 3274 711 3323 inter
738 3290 767 3323 se
786 3273 1053 3337 consobrini-erant,
1071 3292 1117 3325 seu
1138 3275 1249 3325 duarum
1271 3292 1392 3326 sororum

303 3345 362 3398 iiiii.
400 3341 552 3393 huius-tam
587 3352 658 3393 artae
690 3361 748 3393 cum
772 3343 847 3393 bassa
875 3345 1087 3414 propinquitatis
1114 3346 1210 3394 fiducia
1231 3345 1300 3395 freto
1323 3346 1392 3395 iiber

302 3414 510 3483 protovestiario
529 3412 562 3463 ad
581 3430 669 3481 regem
688 3431 808 3465 accessus
837 3414 955 3483 patebat.
994 3414 1113 3466 habebat
1131 3427 1221 3465 οιιῑειιι
1240 3424 1303 3464 tunc
1323 3414 1392 3481 legi-

303 3488 367 3536 time
387 3484 438 3534 sibi
460 3485 610 3552 copulatam
631 3502 738 3534 uxorem
767 3494 794 3535 et
824 3486 925 3535 iiheros
946 3503 978 3535 ex
1000 3502 1039 3535 ea.
1081 3485 1309 3554 sultanuslautem
1328 3494 1391 3534 ante

303 3556 330 3605 id
351 3565 455 3623 tempus
485 3573 543 3605 cnm
562 3556 681 3606 exercitu
707 3556 831 3605 adversus
863 3556 954 3605 urbem
975 3555 1137 3606 Athenarum
1167 3557 1302 3623 profectus
1333 3572 1391 3604 eam

216 3666 217 3669 η
290 3636 424 3694 ceperat,
452 3642 523 3675 anno
552 3626 584 3675 ab
610 3626 673 3681 urbe
706 3626 813 3676 condito
833 3622 911 3677 6964.
945 3635 1011 3676 tunc
1029 3625 1188 3676 Atheniensi
1218 3626 1284 3674 duce
1303 3641 1391 3687 caeso,

303 3703 460 3747 uxorem-et
473 3696 577 3755 ,liberos
598 3697 656 3746 eius
677 3692 735 3746 huc·
749 3696 846 3765 (ipolin
866 3698 1028 3747 traduxerat.
1066 3705 1123 3746 erat
1142 3713 1171 3745 ea
1192 3696 1320 3763 principis
1334 3693 1391 3762 (io-

303 3766 405 3827 rinthi,
430 3768 559 3817 Demetrii
582 3768 695 3828 Asanis,
717 3768 789 3829 iilia,
810 3767 909 3817 formae
929 3768 1076 3832 dignitate,
1101 3784 1154 3835 qua
1171 3767 1237 3815 facie
1257 3783 1310 3833 qna
1330 3772 1388 3816 toto

303 3854 423 3906 corpore,
443 3837 521 3904 iunge
536 3839 776 3899 excellentissima,
805 3854 893 3906 coque
920 3840 1029 3888 nomine
1050 3854 1098 3906 per
1116 3845 1199 3886 totam
1217 3835 1308 3884 urbem
1331 3837 1389 3884 cla-

303 3910 412 3958 rissima'
430 3917 457 3959 et
483 3908 665 3958 celeberrima.
708 3926 765 3957 cum
792 3908 884 3975 itaque
914 3910 984 3958 fama
1013 3916 1064 3959 tam
1084 3908 1196 3956 illustris
1217 3906 1334 3960 feminae
1353 3908 1388 3956 ad

303 3996 380 4029 aures
406 3980 603 4046 protovestiarii
622 3981 802 4046 pervenisset,
827 3982 884 4028 eius
911 3978 1044 4029 videndae
1071 3977 1169 4045 cupido
1195 3977 1312 4026 animum
1332 3979 1388 4028 eius

266 4076 267 4079 ¹
304 4051 419 4099 incessit.
457 4067 505 4117 pru
524 4052 605 4116 gratia
628 4050 707 4115 igitur
728 4060 754 4098 et
773 4048 899 4099 libertate
921 4047 1082 4108 accedendi,
1109 4067 1161 4115 qua
1180 4048 1250 4114 apud
1273 4050 1389 4117 impera-

304 4129 388 4187 torem
407 4120 539 4189 pollebat,
558 4120 636 4170 variis
655 4120 743 4170 effecit
764 4119 867 4169 technis
888 4127 918 4168 ut
943 4119 1049 4169 tandem
1068 4119 1143 4168 iiiam
1162 4118 1273 4168 videret,
1311 4128 1388 4188 post-

304 4208 382 4258 quam
402 4192 460 4240 eius
478 4198 644 4241 venustatem
666 4190 818 4257 conspexit,
837 4197 894 4239 toto
920 4190 1004 4239 animi
1021 4191 1122 4257 impetu
1141 4189 1170 4239 in
1188 4206 1304 4258 amorem
1324 4208 1385 4240 mn-

303 4260 376 4319 lieris
397 4260 468 4322 ferri,
489 4270 516 4311 et
534 4263 602 4311 intra
624 4278 651 4311 se
671 4262 725 4311 tale
748 4259 885 4309 decretum
909 4260 1005 4320 facere,
1023 4271 1070 4311 aut
1091 4278 1147 4310 eam
1166 4261 1218 4311 sihi
1238 4260 1388 4312 ducendam
1433 4325 1438 4328 μ

215 4386 217 4393 ,
303 4348 413 4381 uxorem
433 4340 486 4382 aut
511 4331 703 4383 emoriendum.
752 4333 843 4399 itaque
873 4333 1009 4399 extempio
1040 4333 1136 4381 literas*
1158 4340 1186 4381 et
1216 4333 1386 4397 petitionem,

303 4410 443 4471 praetento
463 4403 557 4452 bassae
577 4404 703 4463 nomine,
730 4402 764 4450 ad
783 4400 957 4469 patriarcham
978 4403 1059 4465 misit,
1076 4407 1134 4471 'quo
1155 4402 1271 4469 benigna
1288 4403 1387 4452 volun·

303 4480 358 4523 tate
378 4468 538 4539 potestatem
566 4473 618 4525 sihi
640 4472 778 4525 ducendae
796 4474 914 4525 mulieris
940 4472 1025 4542 daret.
1062 4473 1212 4542 patriarcha
1230 4490 1292 4525 veru
1311 4473 1386 4522 nulia
1409 4477 1412 4480 '

329 4560 394 4617 nist.
409 4574 464 4636 pot.
486 4566 533 4618 GP.
1177 4567 1191 4618 7
