3692 5350
719 568 1007 688 ιιιειιιειιισιι
1031 599 1072 665 ιι
1207 537 1212 540 ’
1311 678 1313 683 .
1371 586 1470 680 εει,

293 769 465 847 ’γειριν·
498 755 856 845 ἕνθυμητικοότρτος
814 787 880 848 γαρ
905 768 965 827 τοῦ
977 763 1077 835 κακοῦ
1094 751 1136 844 ἠν
1156 759 1201 835 εἰς
1223 758 1258 824 τό
1280 751 1388 846 άκρον,
1409 761 1447 830 06

344 887 422 985 μην
430 859 511 926 άλλά
541 865 596 927 καί
617 860 899 984 δαιμονιώδης,“
879 858 961 928 ω’στε
981 887 1028 937 τις
1061 859 1142 945 άνηρ
1170 862 1209 926 τά
1242 861 1316 926 θεία
1347 861 1448 948 σοφός

346 960 444 1027 αότόν
465 961 719 1052 προσηγόρευσεν
740 959 839 1040 οότως
864 962 960 1028 εἰπάν
981 960 1162 1045 “Θωμάς
1146 987 1161 1059 ο
1186 959 1337 1046 δεσπότης
1361 968 1453 1046 φιλεῖ
1523 1021 1533 1027 .

345 1062 379 1127 τά
404 1057 517 1146 άρχειν
541 1061 594 1127 διά
619 1067 854 1186 φιλαργυρίαν,
885 1060 928 1139 ο6ς
950 1062 1144 1149 φιλάργυρος
1173 1064 1290 1143 α’δικεῖ,
1314 1086 1356 1137 ως
1376 1055 1447 1126 αδι.
1485 1096 1489 1102 ·
1531 1119 1534 1122 ,

320 1178 414 1239 5ιιος
420 1165 645 1245 πλεονεκτεΐ,’
621 1188 662 1239 ως
682 1168 865 1288 πλεονέκτης
889 1163 1035 1249 ἁρπάζει,
1058 1164 1100 1239 ὦς
1123 1159 1227 1248 άρτιαξ
1246 1172 1448 1250 συκοφαντεῖ,

347 1263 390 1341 ιός
403 1262 612 1350 συκοφάντης
633 1267 785 1350 λοιδορεῖ,
812 1265 855 1342 σός
877 1268 1019 1348 λοιδορος
1047 1270 1225 1343 καταλαλεῖ,
1249 1263 1293 1338 ὥς
1311 1262 1448 1328 κατάλα-
1510 1329 1513 1332 ,

346 1371 399 1440 λος
427 1370 594 1459 φοβεῖται,
615 1367 658 1442 ὥς
687 1361 899 1452 φοβιτζιάρης
930 1362 1082 1452 φονεόει,
1106 1364 1158 1438 ὥς
1190 1365 1366 1452 φὀνεός..

346 1471 450 1553 πλανᾷ
469 1467 550 1532 dt‘
524 1491 568 1542 σος
588 1467 714 1543 πλάνος.
756 1465 839 1552 τάχα
861 1471 961 1547 κτίζει
983 1467 1037 1529 καί
1057 1467 1239 1550 ἐκκλησίας,
1262 1463 1316 1529 καί
1333 1411 1446 1551 ἑορτά

348 1569 478 1648 ζει,καί
500 1566 624 1650 ψυχικά
647 1571 760 1632 ποιεῖ.”

305 1669 339 1772 ῐ10
450 1667 575 1733 Τούτων
595 1670 629 1732 δὲ
652 1664 754 1744 οὕτως
777 1667 929 1752 ἐχόντων,
956 1694 997 1756 τῳ
984 1668 1119 1753 ’6889,
1152 1667 1213 1730 α’πό
1239 1669 1274 1730 δὲ
1299 1669 1447 1749 Χριστοά

305 1749 470 1834 1374''
449 1793 524 1849 ετει,
546 1767 653 1850 λοιμός
674 1767 945 1855 θανατηφόρος’
930 1795 963 1834 εν
982 1773 1034 1858 τῇ
1050 1767 1138 1833 πόλει
1160 1769 1214 1854 τῆς
1226 1764 1345 1852 Αρτης
1365 1769 1446 1850 γίνε·
1514 1776 1540 1782 ”

346 1895 409 1949 ται,
430 1895 481 1934 και
505 1875 629 1952 Πέτρος
650 1870 830 1947 Λειόσας
814 1895 830 1932 ο
862 1872 1015 1954 δεσπότης
1040 1867 1198 1945 ἐξάνωθεν
1221 1866 1350 1950 ἐγένετο.
1393 1868 1449 1933 καί

332 1967 430 2042 Ιοάτω
446 1967 628 2052 παραυτίκα
650 1967 794 2054 Ἰωάννης
810 1968 962 2055 δεσπότης
979 1969 995 2032 6
1010 1970 1135 2044 Σπάτας
1155 1973 1190 2033 ἐκ
1210 1970 1266 2034 τοῦ
1285 1961 1446 2054 Ἀχελῴου

347 2069 596 2156 παραγενόμενος
623 2071 680 2155 την
703 2065 826 2156 Ἀρταν
855 2074 1122 2157 παραλαμβάνει,
1151 2069 1232 2153 άνηρ
1259 2068 1448 2152 δραστήριος

259 2181 265 2186 ’
306 2174 402 2244 16καί
424 2170 462 2236 τά
485 2170 588 2235 πάντα
615 2171 777 2255 λαμπρός,
812 2170 892 2261 ἔργιρ
913 2174 969 2235 καί
991 2169 1072 2260 λόγῳ
1093 2169 1306 2253 κοσμούμενος
1328 2173 1383 2235 καί
1405 2174 1448 2254 τῷ

347 2271 452 2336 κάλλει
467 2270 713 2354 σεμνυνόμενος·
756 2277 877 2357 θεωρία
899 2271 959 2356 γάρ
990 2273 1045 2337 καί
1067 2277 1179 2356 πρᾶξις
1202 2264 1241 2355 ἤν
1265 2271 1392 2390 άληθῶς
1414 2267 1448 2334 όν

348 2373 443 2460 αδτρλ.
486 2372 567 2437 άλλά
587 2373 642 2438 καί
662 2365 753 2449 οότος
786 2376 864 2438 κατά
894 2399 957 2437 των
976 2375 1160 2439 ἸΙωαννινων
1183 2371 1374 2454 ὁρμώμενος
1392 2369 1449 2435 τόν

351 2475 470 2554 Θωμᾶν
489 2474 690 2559 παρηνώχλει
715 2499 768 2539 και
764 2471 984 2561 διελήοτριζε
995 2523 1005 2555 ,
1024 2499 1076 2538 και
1097 2476 1239 2611 συνεχῶς
1261 2469 1361 2536 ου’τόν.
1379 2473 1448 2536 ε’να.

349 2576 481 2640 πέκλειε.

304 2691 340 2747 20
453 2681 518 2742 Τοῦ
550 2650 669 2762 χρόνον
709 2680 743 2743 δὲ
765 2673 1041 2762 παρελθόντος,
1026 2681 1079 2741 επί
1100 2699 1190 2751 ετους
1212 2676 1349 2756 6883,’
1327 2678 1388 2740 απδ
1415 2677 1451 2739 δὲ

350 2782 493 2861 Χριστοῦ
520 2780 611 2859 1375,
633 2777 743 2861 λοιμός
772 2774 866 2841 πάλιν
896 2776 1043 2861 δεότερος
1068 2776 1302 2862 ·θανατηφόρος
1321 2780 1368 2861 τῇ
1388 2778 1451 2839 τῶν

344 2871 530 2945 Ἰωαννίνων
552 2876 640 2942 πόλει
659 2882 780 2962 γίνεται
797 2880 909 2960 μέγας,
931 2879 986 2941 καί
1006 2873 1024 2961 ἦ
1045 2872 1190 2961 θυγάτηρ
1214 2875 1311 2940 ου’τοά
1332 2872 1450 2960 Εἰρήνη

348 2982 391 3069 τῷ
414 2976 540 3067 θανόιιρ
561 2978 728 3045 ὑπέπεσεν.
770 2977 788 3044 6
822 2981 856 3043 δὲ
881 2976 1036 3064 δεσπότης
1059 2978 1184 3053 Σπάτας
1211 2970 1269 3041 οόκ
1291 2972 1449 3043 ε’παόσαιο
1549 3056 1556 3065 x

351 3291 585 3362 ingeniosissimus
605 3294 691 3344 enim.
695 3301 752 3345 erut
773 3294 912 3364 usquead
933 3301 1081 3358 extremum
1106 3293 1135 3345 iu
1152 3248 1230 3343 inuiis
1253 3287 1447 3359 excogitandis,
1522 3312 1525 3319 ·

350 3374 433 3435 utque
454 3362 523 3416 adeo
541 3362 708 3416 daemonis'
701 3375 800 3429 instar,
833 3367 870 3417 ita
898 3374 929 3417 ut
945 3366 987 3416 vir
1005 3364 1143 3433 quidam
1136 3381 1164 3414 tn
1185 3364 1266 3414 rebus
1284 3361 1382 3411 divinis
1402 3377 1448 3411 ιο-

351 3438 429 3507 piens
450 3454 510 3487 euin
532 3438 683 3507 appellaret
701 3437 742 3487 his
762 3437 860 3500 verbis,
879 3436 997 3490 Thomas
1018 3444 1148 3502 tyrannus
1166 3442 1238 3485 amat
1255 3449 1365 3499 regnum
1384 3449 1447 3500 pro-

350 3517 412 3577 pter
434 3525 566 3577 pecuniae
584 3507 752 3571 aviditatem
772 3516 802 3559 ut
819 3525 951 3578 pecuniae
966 3506 1060 3560 uvidus
1079 3506 1178 3557 iniuste
1201 3506 1263 3573 agit,
1283 3511 1313 3554 ut
1331 3504 1448 3554 iniustus
1484 3509 1496 3518 “

352 3589 392 3631 est
410 3579 582 3642 insatiabilis,
605 3589 634 3630 ut
655 3547 816 3631 inuatizibitis
836 3580 999 3648 praedatur,
1032 3588 1062 3629 ut
1080 3562 1181 3648 pratido
1201 3575 1394 3638 calumniatum
1419 3582 1449 3624 ut

351 3652 528 3703 calumniator
546 3650 697 3713 maledicit
730 3661 759 3702 ut
778 3650 927 3703 maledicus
955 3658 1084 3712 accusat,
1112 3656 1140 3699 ut
1159 3655 1297 3698 accusator
1314 3647 1400 3706 umet,
1419 3654 1449 3696 ut
1543 3671 1545 3674 ·

350 3724 460 3774 timidus
478 3730 588 3786 mactat,
608 3731 638 3773 nt
658 3691 815 3773 maictator.
863 3732 1018 3789 qvagatur
1039 3729 1129 3772 antem
1150 3719 1274 3771 uthumo
1294 3732 1383 3784 vagus,
1404 3715 1448 3766 in·

328 3804 330 3814 ·
352 3795 457 3846 turdum
476 3802 503 3845 et
524 3760 803 3856 εοο16εἰοειιειλὶ6ωῐ,
824 3802 851 3847 et
863 3758 934 3845 ‹iies
954 3794 1038 3845 festos
1056 3791 1176 3843 ceiehrnt
1197 3798 1225 3841 et
1241 3804 1314 3839 sacra
1338 3787 1411 3837 fucit.

451 3865 528 3935 Quae
547 3883 605 3917 cum
626 3866 664 3915 ita
683 3870 792 3926 essent,
810 3882 882 3916 anno
886 3864 989 3931 6889,
1018 3880 1043 3932 p.
1064 3862 1126 3913 Chr.
1146 3879 1174 3913 n
1195 3858 1272 3922 1374,
1291 3858 1449 3927 pestilentia

350 3936 514 3988 ιτιοιῑίίειο
508 3954 534 3987 ιιι
556 3936 622 3987 urbe
642 3942 704 3987 Arta
725 3934 859 3999 exoritur,
889 3946 916 3987 et
938 3938 1029 3988 Petrus
1049 3934 1148 3985 Leosus
1168 3931 1295 3983 dominus
1314 3929 1346 3979 ad
1367 3945 1449 3997 supe·

331 4024 394 4057 -rus
413 4008 487 4069 abiit,
509 4008 653 4077 statimque
678 4010 792 4057 loannes
819 4008 915 4076 Sputas
943 4015 1077 4074 tyrannus
1100 4023 1133 4056 en
1158 4003 1277 4054 Acheloo
1305 4000 1448 4051 adveniens

352 4083 440 4129 Artum
461 4086 591 4162 pccupat.
611 4079 667 4140 vir,
698 4078 727 4127 in
748 4078 852 4144 agendo
882 4087 1022 4148 promptus
1047 4085 1073 4127 et
1093 4076 1203 4127 omnino
1232 4074 1355 4134 illustris,
1374 4088 1401 4122 τε
1422 4078 1450 4122 et

351 4149 469 4200 verbis
450 4150 592 4233 insignis,
624 4158 651 4199 et
672 4148 874 4216 pulchritudine
899 4149 1070 4208 celebratus,
1091 4148 1159 4197 ratio
1177 4162 1248 4196 ειιιιιι
1268 4152 1295 4195 et
1314 4144 1383 4194 actio
1406 4159 1449 4193 ιο-

332 4237 413 4273 aera
433 4221 457 4271 εἰ
476 4222 574 4271 inerat.
620 4220 667 4270 sed
697 4221 778 4269 etium
798 4220 842 4269 hic
871 4228 963 4271 contra
983 4218 1141 4270 loanninum
1161 4218 1297 4287 profectus
1317 4214 1449 4267 'simmam

305 4312 311 4317 ·
352 4292 467 4343 vexabat
489 4301 516 4343 et
535 4290 669 4359 privabat,
691 4299 719 4341 et
738 4291 869 4342 continuo
889 4308 950 4341 eum
971 4289 1139 4343 includebat.

450 4364 585 4431 Tempore
603 4362 797 4432 praeterlapso
819 4378 890 4411 anno
908 4360 993 4423 6883
1022 4380 1048 4430 p.
1068 4360 1131 4411 Chr.
1155 4378 1182 4411 n.
1205 4359 1273 4411 1375
1292 4356 1449 4429 pestilentia

340 4442 441 4485 ‘rursus
461 4435 544 4485 alteru
563 4450 659 4502 magna
679 4441 706 4485 et
723 4433 889 4485 mortifera
882 4450 910 4484 ιιι
932 4432 996 4484 urbe
1015 4433 1146 4484 loannina
1167 4433 1305 4490 exoritur,
1323 4438 1350 4481 et
1371 4431 1447 4479 Irene

340 4504 405 4557 ntia
427 4504 548 4586 Τλιοιιιιιο
566 4507 647 4560 morti
669 4505 804 4582 occubuit.
843 4514 972 4581 tyrannus
990 4512 1080 4559 autem
1091 4506 1187 4576 Sputau
1207 4520 1262 4556 uon
1281 4501 1362 4553 desiit
1378 4513 1449 4551 τειιι·
1527 4508 1529 4510 ’
