3692 5350
401 514 475 651 att
549 573 551 578 '
764 582 819 648 nn
845 574 980 646 uanus
1015 572 1125 642 sarar

399 748 573 833 Λάρισσαν
592 741 653 820 iuss
673 740 730 837 την
743 740 878 825 Σαῖάδα,
900 740 954 807 διά
980 743 1006 807 ν’
1028 741 1174 817 άνοίξοον
1189 734 1245 799 καί
1268 729 1308 798 νά
1332 701 1498 815 στρόόσοαν

398 847 472 924 τούς
498 843 637 929 δρόμους
671 840 783 930 έξῆντα
817 842 915 918 πόδας
936 840 971 907 τό
994 837 1131 922 πλάτος,
1168 838 1223 901 καί
1241 831 1279 899 νά
1307 829 1500 914 ἓτοιμάσουν

399 947 619 1035 ζωοτροφίας,
648 945 703 1012 καί
723 942 793 1019 ,ὅσα
825 938 906 1011 άλλα
928 943 1084 1026 άναγκαῖα
1105 942 1162 1007 τοῦ
1185 933 1440 1020 στρατεύματος,
1461 928 1497 996 τό

398 1048 506 1115 δποίον
527 1047 637 1131 ἔμελλε
666 1044 704 1114 νά
735 1049 831 1134 διαβῇ
862 1044 983 1111 ἐκεῖθεν
1016 1040 1095 1107 κατά
1121 1042 1183 1105 τῶν
1212 1039 1386 1122 Κοροφάν.
1429 1037 1499 1099 ἄλλ’

397 1147 648 1231 έτοιμαζομέναν
678 1143 797 1215 τούτων
829 1148 1008 1229 έμποδίσβη
1035 1142 1051 1205 δ
1075 1139 1211 1237 βεζίρης,
1234 1137 1288 1204 καί
1310 1131 1409 1223 η’λθεν
1431 1132 1526 1201 άντό

398 1250 498 1314 αάτοῦ
529 1248 840 1334 όΚαραμοοσταῳά
874 1248 979 1320 πασάς
1012 1247 1052 1324 μὲ
1080 1240 1194 1326 έξῆντα
1227 1245 1316 1305 πέντε
1348 1234 1500 1323 χιλιάδας
1526 1322 1529 1333 Ι
1594 1262 1595 1269 “

396 1354 608 1432 στρατιωτῶν.
652 1343 705 1415 δτι
727 1350 763 1414 δέ
784 1341 881 1431 η’λθεν
901 1339 993 1421 οὗτος
1018 1346 1062 1418 είς
1083 1341 1135 1407 τόν
1149 1338 1354 1426 Βουδρωτόν,
1374 1335 1501 1426 ἔφθασε
1523 1390 1525 1395 ,

397 1447 487 1517 soii
510 1448 648 1517 καπετάν
672 1453 775 1523 πασάς
800 1446 950 1527 Τζανοδμ
973 1446 1101 1524 Χότζας
1134 1440 1188 1527 διά
1210 1440 1394 1526 θαλάσσης,
1418 1436 1501 1523 έχων

365 1619 370 1627 ,
397 1551 572 1628 σοαλτάνας
585 1547 705 1636 έξῆντα,
726 1548 857 1632 μολόντα
873 1546 1029 1631 σαράντα,
1050 1542 1201 1630 γαλιότας
1214 1548 1268 1609 καί
1287 1536 1370 1608 άλλα
1393 1548 1499 1623 πλοῖα,

398 1649 452 1715 διά
481 1654 542 1718 τῶν
574 1650 691 1716 ὁποίων
726 1654 873 1736 ἐξαίφνης
901 1645 1049 1725 έλβόντες
1080 1650 1254 1728 κατέλαβον
1288 1643 1323 1709 τό
1351 1648 1384 1709 έν
1408 1642 1544 1709 Kar-¹⁰

397 1750 486 1840 σάπη
518 1752 627 1817 στενόν
657 1755 701 1827 είς
728 1748 787 1834 την
816 1754 996 1834 Παναγίαν.
1053 1749 1082 1814 oi
1113 1750 1148 1811 δέ
1174 1744 1305 1814 Βενετσί
1334 1743 1501 1832 ἐρχόμενοι

398 1850 516 1929 ἔξωθεν
535 1856 577 1932 μέ
598 1855 639 1919 28
661 1850 799 1937 καράβια
817 1853 975 1916 ’ἐπέπεσαν
997 1854 1109 1933 βιαίοις
1130 1851 1196 1913 κατ’
1219 1846 1333 1928 aulicis,
1351 1847 1406 1911 καί
1425 1870 1502 1911 συν-

398 1956 568 2034 τρίψαντες
599 1953 712 2038 μερικά
740 1953 802 2016 άπὸ
824 1952 863 2017 τά
894 1948 1031 2035 καράβιά
1053 1975 1114 2015 των
1143 1948 1276 2033 έσχισαν
1301 1947 1357 2012 τόν
1377 1946 1501 2019 στόλον,

399 2057 454 2118 καί
474 2056 634 2138 ἐπέρασαν
664 2056 713 2128 εἶς’
728 2036 809 2129 τούς
827 2056 1016 2138 Κοροφοός,
1068 2050 1084 2113 ό
1108 2055 1142 2117 δέ
1165 2052 1365 2135 Σερασκέρης
1387 2047 1502 2131 διαβάς

399 2157 440 2235 μέ
460 2154 495 2219 τό
517 2152 702 2238 στράτευμά
734 2178 791 2219 του
813 2159 912 2236 πέραν
941 2155 994 2216 έπί
1023 2156 1078 2235 τῆς
1098 2152 1213 2237 νήσου,
1236 2148 1391 2236 ἐσκήνωσε
1412 2143 1500 2233 παρά
1513 2164 1544 2217 15
1627 2202 1628 2205 ,

398 2254 455 2319 τόν
479 2253 634 2334 Ποταμόν
655 2255 697 2330 sic
719 2256 794 2319 δέκα
816 2259 909 2334 μίλια
932 2252 1060 2337 μακράν
1081 2257 1140 2318 τοῦ
1161 2253 1311 2337 κάστρου.
1353 2249 1502 2335 διήρκεσε

399 2356 435 2418 δὲ
457 2353 473 2419 ό
494 2356 630 2437 πόλεμος
658 2354 775 2421 εἴικοσιν
806 2349 886 2420 ἑπτά
909 2355 1051 2441 ἡμέρας,
1071 2360 1126 2420 καί
1154 2357 1318 2441 ἠφανίσθη
1339 2350 1420 2417 πολό
1442 2356 1503 2417 rori

402 2457 578 2538 Toupaenoi
602 2454 848 2540 στρατεύματος.
874 2459 963 2530 τέλος
977 2452 1068 2521 ἔπεσε
1090 2454 1147 2541 τη“ν
1167 2454 1264 2521 νόκτα
1284 2451 1387 2540 βροχὴ
1409 2452 1501 2520 τόσον

398 2552 538 2641 ῥαγδαία
561 2553 641 2622 άστε
664 2554 759 2640 ἔσυρε
778 2556 816 2623 τά
838 2554 1007 2642 πράγματά
1028 2583 1089 2622 των
1111 2558 1156 2633 τίς
1174 2554 1228 2642 την
1249 2553 1501 2642 autumamus*

398 2654 428 2721 oi
448 2653 609 2743 βάρβαροι
629 2655 854 2742 έξοπνὴσαντες
877 2652 972 2739 εἶδον,
995 2661 1115 2741 λέγοσν,
1138 2661 1259 2742 πλῆθος
1281 2660 1359 2722 νέων
1381 2651 1544 2742 pepon-20

400 2782 462 2822 των
483 2761 528 2833 είς
549 2768 660 2845 χεῖρας
682 2759 853 2840 λαμπάδας
877 2764 1079 2858 α’ναμμένας,
1103 2762 1158 2824 καί
1178 2759 1234 2823 ἕνα
1255 2761 1408 2843 γηραλέον
1429 2761 1500 2858 έπί.

292 2854 297 2860 ’
397 2879 512 2923 σκοπον
530 2857 730 2940 βαστάζοντα
752 2859 869 2945 ῥάβδον
890 2863 946 2924 καί
975 2861 1127 2927 διώκοντα
1151 2861 1280 2936 αάτοός.
1324 2854 1441 2924 τούτων
1464 2859 1500 2922 δέ

243 3133 247 3140 “
296 3190 298 3195 ,
402 3138 463 3192 dem
481 3139 646 3209 postularet,
671 3138 706 3192 sd
731 3138 905 3210 aperiendam
926 3147 954 3193 et
976 3141 1146 3211 aequandam
1166 3142 1235 3194 viam
1255 3140 1338 3211 pedes
1358 3141 1497 3211 sexaginta
1566 3143 1568 3157 '

397 3212 494 3275 latam,
522 3220 550 3264 et
574 3210 608 3262 sd
635 3211 783 3282 parandum
808 3214 924 3278 victum,
952 3221 979 3264 et
1004 3230 1073 3283 quae
1101 3221 1241 3284 praeterea
1270 3213 1422 3266 necessaria
1453 3230 1496 3265 es-

397 3291 459 3336 sent
478 3284 624 3347 exercitui,
650 3286 698 3352 qui
722 3285 787 3336 inde
813 3294 905 3336 contra
936 3283 1077 3352 Corcyram
1105 3294 1317 3353 transgressurus
1345 3293 1411 3336 erat.
1450 3283 1498 3336 sed

397 3372 456 3407 cum
484 3357 552 3407 baec
587 3364 676 3408 essent
703 3358 939 3426 paratassesirus
966 3364 1006 3407 est
1026 3356 1192 3427 impeditus,
1222 3365 1250 3408 et
1279 3373 1328 3426 pro
1357 3375 1389 3409 eo
1417 3355 1515 3407 Cara:

396 3428 539 3498 mustapba
566 3425 666 3497 pascba
699 3430 775 3482 venit
809 3445 868 3480 cum
902 3429 1040 3495 sexaginta
1072 3430 1194 3498 quinque
1227 3428 1337 3480 milibus
1371 3428 1498 3483 militurn.

397 3501 444 3585 gui
476 3516 535 3550 cum
563 3500 681 3551 venisset
710 3500 886 3567 Buthrotum,
915 3501 996 3550 etiam
1023 3500 1143 3570 Capetan
1171 3501 1269 3570 pascba
1295 3502 1416 3569 (navium
1444 3499 1499 3551 dux

397 3573 535 3638 sumanus)
562 3572 683 3623 Taunum
708 3563 822 3633 Chotz'as
852 3588 901 3642 per
930 3588 1002 3622 mure
1035 3571 1161 3635 advenit,
1193 3589 1252 3624 cum
1278 3572 1392 3624 sultanis
1422 3588 1499 3640 sexa-

386 3645 484 3710 ginta,
503 3642 691 3713 pquadraginta
718 3645 805 3711 gaulis
829 3642 1007 3712 amplioribus
1044 3652 1071 3695 et
1105 3645 1254 3695 minoribus
1282 3651 1309 3695 et
1335 3644 1396 3694 aliis
1420 3645 1498 3696 nsvi-

398 3718 475 3779 bos,.
501 3715 600 3785 quibas
632 3715 723 3765 subito
758 3718 875 3782 aggressi
908 3714 1075 3785 occuparunt
1101 3715 1248 3785 Cassopeas
1286 3717 1423 3784 augustias
1453 3733 1500 3767 us-

398 3802 451 3856 que
478 3786 666 3854 udPanagiam
694 3785 797 3854 (locum
821 3787 936 3855 Virginis
963 3793 1091 3853 sanctae).
1135 3787 1230 3839 Veneti
1251 3796 1359 3851 autem,
1377 3804 1417 3838 ετ
1443 3788 1498 3839 αλια

314 3907 318 3918 ,
398 3873 457 3907 cum
481 3856 516 3909 28
535 3859 648 3924 navigiis
677 3857 868 3922 advenientes,
901 3874 947 3909 eos
975 3859 1083 3910 fortiter
1111 3861 1225 3927 aggressi
1251 3867 1328 3922 sunt,
1348 3867 1376 3910 et
1396 3860 1500 3910 abscis-

398 3929 434 3979 sis
448 3930 570 3998 partibus
583 3929 749 3997 navigiorum
769 3945 861 3980 eornm
875 3930 986 3981 classem
1008 3929 1189 4000 dissiparunt·
1205 3939 1233 3982 et
1253 3933 1387 3984 intrarunt
1400 3933 1500 3998 Corcy-
1565 3985 1568 3994 y,

399 4015 463 4049 ram.
501 4001 556 4052 dux
581 4011 669 4053 autem
690 4002 837 4053 Tuscorum
857 3997 1062 4070 (Sensimus),
1083 4004 1130 4071 qui
1150 4003 1295 4054 exercitum
1312 4020 1389 4060 suum
1409 4004 1437 4052 in
1455 4006 1499 4053 ina

399 4072 484 4121 sulam
504 4074 661 4138 traiecerat,
683 4073 757 4142 apud
776 4074 913 4124 Potamum
935 4082 1021 4125 castra
1041 4076 1148 4143 posuit,
1169 4075 1262 4128 decem
1282 4075 1399 4144 miliaria
1418 4091 1433 4124 a
1454 4089 1501 4124 ca-

400 4142 492 4192 stello.
529 4143 631 4195 bellum
664 4154 754 4196 autem
784 4145 878 4212 viginti
903 4155 1005 4216 septem
1031 4145 1089 4197 dies
1119 4146 1293 4210 duravit,.et
1319 4161 1415 4213 magna
1439 4163 1501 4216 pars

399 4214 533 4264 exercitus
550 4216 698 4267 l'urcarum
719 4225 760 4268 est
781 4217 934 4270 interiecta.
972 4226 1108 4287 postremo
1129 4219 1215 4269 imber
1232 4227 1312 4269 noctu
1333 4225 1442 4268 exortus
1460 4225 1501 4269 est

399 4294 453 4347 tam
474 4284 599 4353 rapidus,
628 4295 658 4338 ut
678 4304 718 4339 res
737 4289 846 4339 illorum
864 4290 892 4340 in
910 4307 982 4340 mare
1003 4289 1169 4354 effunderet,
1191 4299 1219 4342 et
1238 4288 1345 4340 barbari
1367 4305 1500 4358 experge-

398 4356 462 4408 facti
482 4356 687 4408 multitudiuem
707 4361 835 4410 iuvenum
856 4360 994 4423 viderunt,
1014 4363 1061 4432 qui
1080 4361 1203 4413 manibus
1227 4361 1296 4413 faces
1313 4363 1438 4411 incensas
1454 4377 1500 4428 gs·

397 4429 516 4491 stabant,
535 4436 563 4480 et
581 4429 735 4500 episcopum
755 4431 946 4500 grandaevum,
965 4434 1013 4505 qui
1031 4433 1158 4486 baculum
1179 4433 1300 4503 gestabat
1321 4449 1422 4502 eosque
1435 4447 1500 4501 per-

339 4553 346 4560 ,
396 4501 569 4578 sequebatur.
607 4516 667 4554 cum
687 4501 756 4556 haec
775 4511 803 4556 et
822 4503 879 4557 slis
897 4506 973 4577 sigas
994 4503 1080 4560 multi
1110 4513 1138 4560 et
1162 4505 1297 4562 mirabilis
1326 4511 1501 4580 apparerent,
