3692 5350
449 563 497 633 36
901 562 1098 629 utstottttt

448 721 592 799 reponere
624 712 673 783 ότι
704 716 781 796 μετὰ
805 711 930 797 γνώμης
952 717 1009 779 τοῦ
1033 707 1182 776 δεσπότου
1211 713 1352 791 ἐγένετο,
1380 712 1553 791 μερισθέν-

449 840 502 893 τος
522 817 578 882 τού
598 816 786 895 κλοπιμαιόυ
811 812 976 895 ύργυριόυ.
1035 814 1078 873 δι’
1102 806 1120 872 ό
1142 811 1196 873 κατ’
1217 805 1233 871 ό
1256 811 1430 881 οουλτύνος
1453 810 1551 887 η’βου-

449 917 533 999 λήθη
564 918 747 978 α’ποκτεῖναι
780 908 900 976 αύτόν·
952 908 1121 973 διεκώλυσε
1151 911 1187 972 δὲ
1215 909 1323 970 τούτον
1360 906 1376 969 ό
1406 910 1550 986 Μαχαν-

406 1016 659 1094 λθμουτποσύας.
710 1013 860 1093 δστόρησε
889 1013 924 1072 δὲ
957 1005 1055 1072 αύτόν
1091 1007 1150 1090 την
1173 1006 1282 1087 ύλικην
1312 1006 1367 1069 καί
1385 1008 1447 1067 πᾶν
1469 999 1549 1066 ἄλλο

447 1110 612 1193 εόσύδημα.
664 1105 741 1171 ὅθεν
771 1108 826 1170 κατ’
855 1104 884 1169 οἱ
905 1104 1058 1187 ἄρχοντες
1090 1106 1190 1169 αύτού
1211 1105 1427 1187 ἀνεχώρησαν,
1449 1104 1574 1165 ansi-5

445 1192 564 1283 θόντος
581 1205 712 1271 ἑκάστου
746 1202 826 1271 ὅπου
851 1202 1021 1287 ἠβούλετο,
1046 1202 1100 1267 ’διύ
1125 1202 1158 1275 τό
1188 1202 1232 1285 μη
1255 1202 1341 1282 ἔχειν
1363 1200 1478 1275 αύτούς
1500 1198 1548 1263 ἔτι

445 1309 485 1372 τύ
506 1305 586 1388 πρός
607 1304 795 1385 ζωύρκειαν.
845 1306 901 1365 καί
927 1302 1062 1365 ἐλθόντα
1095 1300 1194 1365 αύτόν
1224 1304 1258 1364 ἑν
1285 1297 1549 1381 Ἀδριανουπύλει

444 1387 597 1489 ἐποίησαν
619 1401 663 1483 μή
686 1397 942 1465 ἱππεύειναύτόν
965 1395 1060 1491 όλως,
1085 1401 1153 1464 αλλ’
1178 1394 1263 1462 orirer
1280 1386 1342 1480 4ζην
1364 1398 1494 1477 οἷτύμιος.
1531 1394 1546 1457 ὃ

432 1506 482 1580 δὲ
503 1499 600 1566 Ἀσύν
620 1504 723 1563 ταῦτα
738 1497 855 1578 μαθών
874 1496 936 1561 ύπύ
959 1502 1058 1581 λύπης
1081 1491 1235 1580 ἠσθένησε
1255 1501 1310 1559 καί
1330 1495 1546 1577 ἐτελεύτησεν.

446 1582 563 1677 όμοίιος
586 1599 642 1658 κού
660 1596 678 1677 ἡ
702 1595 815 1658 τούτου
831 1597 975 1679 θυγάτηρ
992 1594 1072 1659 κατὰ
1087 1594 1198 1668 πόδας.
1243 1598 1397 1657 εἰσελθεῖν
1414 1596 1449 1668 δὲ
1464 1598 1547 1673 βου·
1559 1609 1590 1661 10

424 1771 429 1781 ι
445 1698 579 1773 λομὲνου
593 1698 650 1757 τοῦ
663 1692 837 1758 σουλτύνου
850 1694 884 1757 ἑν
904 1693 1158 1775 Ἀδριανουπόλει
1173 1688 1330 1773 ἐξῆλθενό
1347 1694 1547 1775 ταλαίπωρος

431 1791 536 1870 ’πεζός
558 1797 612 1855 κατ’
633 1789 917 1879 ύπηντησεναύτηῖ.
946 1790 1025 1855 ἰδιύν
1048 1793 1083 1854 δὲ
1105 1790 1234 1855 αύτόνό
1257 1793 1424 1863 σουλτᾶνος
1448 1790 1545 1873 ἠλέη-

445 1914 509 1955 σεν.
532 1886 649 1968 ὥρισεν
672 1883 747 1972 σύν,
776 1892 831 1954 καί
851 1893 993 1953 δέδωκαν
1016 1884 1218 1977 αύτηλῖππον
1238 1892 1272 1951 ἑκ
1294 1892 1357 1950 τῶν
1375 1891 1542 1971 ,ε’κλεκτοῑν,

446 1993 501 2053 κατ’
522 1992 701 2071 ε’καθὲσθη,
726 1989 781 2053 κοιλ
801 1987 984 2071 περιεπάτει
1005 1987 1057 2051 διό
1081 1988 1142 2051 τού
1161 1991 1258 2051 ἵππου
1278 1984 1459 2069 ἔμπροσθεν
1481 1989 1544 2049 αύ-

444 2090 513 2153 τοῦ.
556 2088 672 2151 δέδωκε
703 2090 738 2150 δὲ
771 2088 856 2173 αύτῷ
875 2085 930 2148 κατ’
952 2090 1133 2169 σιτηρέσιον
1164 2085 1277 2168 ὀλίγον,
1297 2088 1342 2159 εἰς
1364 2082 1588 2169 διατροφηνιο

444 2182 548 2265 μόνον.
578 2185 621 2257 ὥς
643 2188 676 2248 ἐν
697 2188 791 2271 ὀλίγην
813 2188 849 2248 δὲ
870 2183 1053 2267 ἐτελεύτησε
1074 2185 1128 2247 κατ’
1149 2180 1242 2257 αύτός
1263 2187 1321 2247 καί
1341 2182 1359 2266 ἦ
1383 2185 1545 2248 δέσποινα.

407 2335 408 2338 ¹
445 2287 502 2367 τῆς
522 2286 558 2347 δὲ
571 2282 738 2366 ’θυγατρὸς
751 2286 858 2346 αύτού
872 2283 946 2359 τούς
968 2284 1106 2363 κόσμους
1126 2282 1248 2347 ἔδωκαν
1272 2284 1304 2347 ἒν
1325 2284 1369 2370 τῷ
1389 2309 1544 2367 πατριορ·

445 2385 533 2469 χεύῳ,
556 2383 590 2457 ἑξ
613 2374 658 2444 τόν
677 2380 745 2445 ε”στι
766 2383 821 2445 κατ’
841 2380 857 2443 ό
879 2378 993 2456 σύκκος
1014 2381 1029 2443 ri
1053 2384 1188 2464 α’ρχαῑσς
1209 2381 1268 2459 ἕως
1289 2386 1346 2445 τού
1366 2384 1432 2450 νῦν.

500 2545 502 2550 ,
526 2481 630 2547 Ἐνδὲ
652 2483 691 2565 τῇ
715 2483 928 2567 πατριαρχείᾳ
948 2483 1003 2542 τού
1023 2480 1161 2564 ’lucinam
1186 2477 1346 2566 ἐπορεύθη
1371 2479 1543 2543 όσοολτιῖ·

444 2602 498 2653 νος
518 2581 711 2661 Μεχεμέτης
731 2577 811 2641 καιύ
834 2582 889 2659 τῆς
911 2581 1147 2659 Τραπεζοῦντος
1168 2576 1247 2659 μετὰ
1269 2578 1433 2658 δυνάμεως
1454 2576 1588 2663 uiri—20

445 2702 528 2763 στης,
550 2675 585 2743 ἔτι
605 2681 720 2762 τεγῆς
741 2677 797 2741 καί
817 2677 992 2763 θαλάσσης,
1023 2678 1166 2763 πλήθους
1187 2670 1421 2760 α’νοιριθμητοο.
1465 2680 1543 2760 ἐβα-
1620 2705 1625 2714 ’

448 2961 547 3012 mentis
568 2959 713 3010 ediderunt
731 2962 885 3028 pecuiatum
905 2960 938 3010 de
958 2961 1094 3012 sententia
1115 2960 1246 3028 despotoe
1272 2963 1370 3012 factum
1390 2977 1457 3021 esre,
1478 2978 1543 3029 par-

449 3033 546 3081 titione
569 3046 738 3079 nummorum
764 3031 834 3079 inter
860 3031 932 3097 ipsos
963 3030 1040 3080 sactu.
1088 3029 1123 3080 ob
1151 3030 1178 3080 id
1206 3032 1303 3100 capitia
1331 3033 1418 3101 ipsum
1437 3030 1543 3082 afficere
1617 3043 1619 3048 '

367 3101 370 3104 ⁴
450 3099 585 3168 supplicio
612 3098 733 3147 §ultanus
761 3098 866 3150 votuit:
900 3099 949 3149 sed
977 3099 1083 3150 obstitit
1114 3099 1270 3158 Mahumute
1297 3105 1385 3152 Bassa.
1422 3109 1543 3153 attamen
1619 3155 1621 3162 ,

450 3169 576 3233 vectigali
598 3168 742 3217 salinarum
762 3177 789 3218 et
808 3169 881 3218 omni
902 3169 1008 3238 reliquo
1034 3168 1122 3220 reditu
1144 3173 1267 3238 privavit.
1306 3190 1360 3241 quo
1382 3171 1481 3222 sactum
1502 3180 1544 3222 est

452 3247 483 3290 nt
501 3239 562 3287 ania
583 3238 667 3305 ipsius
692 3237 854 3299 diffluxerit,
873 3238 1000 3304 singuiis,
1033 3256 1088 3308 qno
1113 3241 1238 3292 voluutas
1260 3243 1349 3303 ferret,
1369 3241 1544 3303 abeuntibus,

450 3325 507 3360 non
536 3307 729 3376 suppeditante
752 3310 867 3376 amplius
895 3309 930 3363 ad
956 3310 1055 3360 victum
1080 3310 1235 3380 cultumque
1261 3313 1400 3362 facultate
1444 3313 1544 3372 eidem,

384 3441 387 3446 Ι
451 3388 594 3449 postquam
615 3376 807 3444 Adrianopoiiu
837 3381 974 3438 venisset,
998 3380 1109 3430 facultas
1130 3382 1269 3448 equitandi
1290 3400 1398 3449 prorsus
1417 3382 1545 3450 adempta

452 3459 500 3510 est,
521 3449 661 3516 ingloriam
680 3449 760 3517 vitum
789 3448 886 3513 degere
905 3457 1008 3498 coacto.
1053 3452 1121 3500 Aean
1147 3460 1234 3501 autem
1263 3451 1303 3518 his
1328 3453 1461 3520 perceptis
1478 3469 1544 3521 prae

377 3561 383 3567 ,
452 3521 535 3570 animi
556 3517 726 3582 aegritudine
755 3518 781 3566 in
801 3518 920 3568 morbum
949 3517 1054 3580 incidie
1072 3538 1125 3589 quo
1150 3529 1177 3571 et
1196 3523 1327 3572 extinctus
1348 3519 1406 3586 eet3
1427 3539 1440 3570 e
1461 3523 1545 3573 vesti-

453 3592 552 3658 gioque
570 3589 626 3638 fitia
645 3588 731 3655 ipsius
750 3588 846 3637 eodem
872 3587 963 3638 morio.
1005 3591 1239 3659 appropinquante
1263 3592 1361 3643 euitani
1384 3593 1412 3641 in
1434 3591 1546 3642 Adriani
1580 3643 1586 3654 p

455 3661 547 3710 urbem
568 3661 687 3727 ingressu
709 3674 829 3722 egressus
858 3667 900 3708 est
917 3659 981 3708 inde
1001 3660 1080 3709 miser
1106 3660 1154 3710 ille
1172 3662 1264 3730 peries,
1287 3664 1368 3731 eique
1390 3662 1485 3712 obvius
1505 3661 1547 3711 fa-

455 3738 579 3781 ctureat.
617 3745 697 3798 quem
716 3729 837 3777 euitanus
856 3728 1024 3797 conspicatus
1050 3731 1258 3782 misericordiam
1278 3735 1360 3801 cepit.
1397 3733 1475 3782 iussit
1492 3732 1547 3798 igi-

455 3808 499 3851 tur
517 3802 542 3850 ei
563 3817 644 3849 uuum
664 3798 698 3848 rie
717 3798 821 3848 eximiis
838 3815 937 3866 equum
951 3797 1063 3864 adduci3
1086 3818 1140 3869 quo
1153 3820 1298 3854 conscenso
1313 3803 1446 3852 sultanum
1467 3803 1548 3870 equi-

455 3878 515 3920 taue
536 3871 687 3936 praecessit.
731 3870 836 3936 accepit
864 3877 892 3918 et
921 3869 1059 3934 exiguum,
1087 3875 1177 3922 nescio
1198 3873 1427 3942 quid‚'anuonae‚
1447 3871 1480 3921 ad
1498 3890 1548 3921 sn-

370 3947 380 3956 ·
457 3941 650 3990 etentatiouem
673 3937 804 3991 duntaxat
824 3939 902 3987 vitae.
940 3955 989 3989 nec
1007 3940 1088 4008 longo
1107 3943 1170 3993 inde
1192 3941 1335 3991 intervallo
1357 3944 1485 4008 temporis
1505 3944 1548 3992 vi.

457 4014 587 4057 tamenin
608 4018 694 4058 morte
722 4010 911 4072 commutavit3
940 4025 990 4058 nec
1011 4012 1068 4076 ipse
1090 4013 1180 4070 modo,
1201 4026 1289 4059 verum
1307 4010 1363 4076 ipsa
1388 4014 1467 4061 etiam
1495 4010 1550 4061 ‹le-

458 4092 567 4143 moena,
586 4095 652 4126 uxor
669 4080 734 4127 eius.
771 4079 844 4128 filiae
864 4076 953 4129 autem
973 4081 1057 4148 ipsius
1086 4081 1201 4130 mundns
1220 4077 1359 4128 muliebris
1380 4081 1407 4130 iu
1430 4082 1550 4148 patriar-

458 4145 553 4194 cheum
577 4145 670 4196 iiiatur
689 4156 745 4213 eet3
772 4167 804 4197 ex
828 4165 883 4216 quo
909 4157 937 4199 et
959 4159 1035 4202 vetus
1055 4151 1194 4219 pontificia
1223 4150 1304 4198 vestie
1323 4149 1438 4218 (saccum
1457 4154 1550 4202 nomi·

458 4215 537 4282 nant)
556 4222 605 4273 eet,
623 4215 652 4262 in
670 4215 741 4266 hunc
763 4235 847 4286 usque
867 4218 947 4268 diem.

530 4307 663 4372 Tempore
684 4324 738 4373 quo
757 4311 903 4377 ioasephus
922 4309 1101 4378 patriarcham
1121 4306 1226 4374 agebat,
1247 4299 1368 4360 sultanus
1381 4311 1551 4364 Mechemeta

459 4375 575 4429 maximo
597 4376 713 4425 exercitu
733 4386 761 4427 et
778 4381 951 4442 validissimo,
971 4389 1045 4430 terra
1064 4378 1194 4444 marique,
1215 4378 1412 4447 Trapezuntem
1433 4383 1547 4449 invasit5
