3692 5350
564 563 567 570 ·
636 623 638 630 s
731 528 1050 596 eamrancnrm.
1338 532 1408 602 sss

312 685 396 765 ρὲων
417 678 605 763 παραλόγως
626 686 796 765 ποιοῦντα,
829 691 884 750 καί
910 680 1009 760 αδθις
1038 686 1278 774 συγχωρήσεις,
1298 692 1355 753 sori
1377 715 1410 755 rs

313 777 437 863 δηλαδή
454 777 609 859 Καβόλας
621 781 791 866 Νεοφότου
812 783 906 869 (μετιὶ
924 789 980 847 τοῦ
997 790 1304 867 συγκαθαιρεθέντος
1327 789 1413 873 adrui

314 880 407 940 ποποῖ
430 878 597 960 Κλονόρη,
618 879 755 959 λαβόντα
778 885 910 962 δίγαμον
939 893 1071 962 γυναῖκα
1093 885 1126 945 ἐν
1146 887 1182 969 τῇ
1205 880 1337 970 Θόσσῳ)
1358 888 1414 950 καί

314 979 374 1040 τοῦ
394 977 586 1050 Ἐλασσιόνος
609 977 785 1061 Γρηγορίοο
820 980 875 1043 καί
904 985 960 1045 τοῦ
983 985 1210 1062 Περιθεωριόυ
1238 980 1412 1047 ’Δοσιθέου

288 1073 594 1147 suscitaretur·
613 1070 804 1159 παρενορίας
824 1080 971 1154 πλείστας
998 1080 1238 1163 χειροτονήσας,
1267 1078 1301 1144 ἔν
1323 1105 1355 1145 τε
1376 1084 1415 1168 τῇ

248 1253 251 1257 .
315 1176 454 1260 ἐπαρχίᾳ
473 1176 529 1236 τοῦ
550 1173 755 1258 Χαλκηδόνος
777 1181 833 1244 καί
853 1183 912 1241 τοῦ
932 1178 1121 1259 Ἡρακλείας
1142 1178 1196 1241 καί
1214 1181 1271 1243 τοῦ
1287 1180 1413 1244 Θεσσα-

315 1271 438 1354 λονίκης
460 1276 560 1357 κυροῦ
573 1276 685 1338 Θεωνοῖ
709 1275 764 1339 καί
783 1277 840 1338 τοῦ
859 1275 1051 1360 Μεθόμνης.
1094 1275 1175 1341 α’λλό
1198 1278 1237 1361 δή
1261 1278 1315 1341 καί
1335 1278 1412 1341 α’δο.

315 1369 489 1450 κιμόστοος
508 1369 741 1456 χειροτονήσεις
763 1373 818 1436 καί
847 1365 947 1448 όλλας
966 1379 1114 1451 πλείστας
1140 1380 1326 1459 κατηγορίας
1348 1401 1414 1461 φα-

316 1465 428 1551 νερός,
457 1473 514 1532 καί
540 1473 827 1554 μεμαρτυρημένοις
857 1474 902 1536 δέ.
945 1471 1063 1547 ἰδόντες
1085 1465 1143 1537 οδν
1165 1473 1276 1555 ἡμεῖς,
1297 1472 1410 1558 ἵναμή

232 1571 233 1574 ’
272 1573 307 1624 10
316 1569 371 1630 καί
387 1567 483 1632 αότοί
501 1573 690 1650 καθαιρέσει
712 1571 767 1634 καί
786 1576 830 1656 τῷ
851 1566 938 1655 arisai
958 1573 1140 1651 α’ναθέματι
1161 1565 1245 1651 τόμον
1267 1573 1413 1636 όπόδικοι

316 1664 359 1739 ιός
379 1670 660 1747 σογκοινωνοόντες
680 1675 722 1753 τῷ
742 1666 950 1757 α’κοινωνήτρν,
974 1663 1035 1753 ήδη
1058 1671 1154 1734 αότόν
1177 1670 1304 1748 α’νόξιον
1325 1674 1414 1752 ἐκρί-

314 1787 414 1842 ναμεν
434 1767 490 1847 τής
512 1765 749 1848 ἀρχιερωσύνης
770 1766 813 1841 ιός
833 1768 1023 1849 πρωταίιιον
1045 1771 1100 1850 τῆς
1116 1771 1330 1858 παραβάσεως
1350 1772 1414 1834 τῶν

313 1866 412 1926 θείων
440 1863 495 1927 καί
524 1863 619 1946 ἱερῶν
641 1861 796 1943 κανόνων,
824 1865 879 1928 καί
910 1869 1158 1950 καθαιροόμεν,
1182 1871 1237 1930 καί
1257 1865 1413 1932 staturos

314 1964 371 2024 καί
392 1963 685 2046 ιῖπηλλοτριωμίνον
719 1959 833 2044 ἔχομεν
864 1961 962 2027 αότόν
992 1961 1048 2028 καί
1075 1967 1129 2048 τής
1149 1967 1247 2042 ,δξίας
1273 1970 1329 2029 τοῦ
1348 1993 1412 2030 πα·
1466 2029 1470 2034 .

262 2059 472 2141 Ιλῑντριόρχου
493 2062 549 2123 καί
569 2064 626 2123 τοῦ
647 2061 812 2140 ὀνόματος,
835 2058 915 2149 aiore
937 2061 981 2144 μή
1005 2064 1165 2125 δόνασθαι
1189 2062 1268 2127 sard
1289 2067 1411 2148 μηδένα
1422 2069 1473 2122 172

311 2159 427 2239 τρόπον
447 2161 504 2222 τοῦ
523 2161 636 2222 λοιποῦ
658 2162 876 2241 ἀναλαβέσθαι
898 2153 989 2244 ήτόν
1004 2159 1118 2242 θρόνον
1141 2159 1197 2225 τόν
1217 2186 1413 2245 πατριαρχι-

312 2255 368 2318 κόν
392 2252 411 2340 ἢ
433 2255 465 2320 τό
490 2257 601 2322 τούτου
618 2257 840 2346 λειτούργημα,
864 2255 947 2323 α’λλόι
969 2259 1024 2322 καί
1041 2256 1137 2338 μόνον
1150 2259 1227 2325 κατα
1250 2261 1422 2343 μοναχοός-

251 2431 264 2451 ,
313 2355 380 2438 ζήν.
423 2351 498 2418 ὅθεν
519 2355 574 2418 καί
595 2358 640 2429 εἰς
662 2356 718 2439 τήν
740 2360 815 2440 περί
844 2355 963 2422 τούτων
994 2355 1130 2440 δήλωσιν
1157 2363 1212 2422 καί
1233 2343 1414 2442 α’σφόλειοιν

314 2457 435 2535 ἐγένετο
458 2459 512 2518 καί
535 2451 716 2539 ήιήμετέρα
747 2455 895 2538 ουνοδική
919 2455 1098 2540 α’πόφασις,
1123 2462 1332 2539 προκειμένου
1354 2460 1413 2520 τοῦ

267 2557 406 2617 νοθείαν
429 2551 619 2637 εὐαγγελίου,
636 2541 697 2616 ’καί
716 2555 899 2638 α’φορισμοῦ
913 2554 1067 2637 πρότερον
1088 2555 1334 2639 ἐκφωνηθέντος.
1378 2558 1413 2619 ἐν

313 2649 378 2717 ἔτει
402 2646 689 2742 ,ἑπτακισχιλιοστρῖ
721 2649 943 2741 ἑβδομηκοστῷ
966 2646 1060 2740 τρίτῳ
1076 2702 1085 2734 ,
1104 2653 1183 2737 μηνί
1202 2654 1410 2743 Ἰαννουαρίιρ,

314 2753 510 2828 ἰνδικτιοῖνος
532 2747 653 2838 όγδόης.

314 2968 419 3019 tionem
433 2966 561 3031 δεοίατο,
580 2976 608 3020 et
628 2966 774 3019 eorundem
802 2967 1004 3029 restitutiones,
1025 2965 1154 3019 videlicet
1172 2964 1310 3037 Neophyti
1336 2965 1410 3035 apud
1494 3005 1496 3008 .

314 3038 453 3099 Cabalam,
472 3055 530 3089 cum
550 3055 603 3108 quo
625 3040 707 3090 etism
725 3038 891 3089 sacerdotem
901 3038 1051 3100 Clonaram,
1069 3038 1117 3107 qui
1137 3038 1275 3089 mulierem
1295 3036 1335 3086 bis
1356 3053 1410 3087 nu-

313 3117 387 3178 ptam
408 3110 435 3159 iu
456 3107 547 3160 Thaso
569 3109 691 3168 duxerat,
710 3108 824 3169 deiecit,
844 3117 873 3159 et
887 3109 1011 3175 Gregorii
1031 3107 1104 3178 apud
1121 3109 1290 3169 Elassonem,
1306 3115 1334 3157 et
1354 3107 1411 3158 Do·

313 3178 395 3230 elthei
415 3177 488 3248 apud
509 3180 725 3240 perimentium,
745 3180 904 3229 antistitum.
952 3178 1046 3228 eodem
1072 3178 1150 3229 mods
1172 3180 1316 3230 multarum
1335 3186 1410 3227 extra

312 3250 449 3317 legitimos
469 3250 535 3301 fines
554 3249 754 3300 ordinationum
775 3251 903 3299 luctarum
925 3258 1076 3314 compertus
1096 3257 1151 3310 est,
1174 3257 1229 3299 tum
1249 3249 1277 3297 in
1296 3247 1410 3296 Chalce-

277 3322 280 3327 '
312 3318 451 3377 dunensis,
469 3328 524 3371 tum
543 3321 571 3370 in
585 3319 777 3379 Heracleensis,
797 3328 852 3369 tum
871 3321 899 3369 in
919 3318 1170 3384 Thessalonicensis
1188 3320 1330 3376 Theonoe,
1354 3325 1409 3381 turn

311 3390 340 3439 in
361 3390 541 3456 Methymnaei
564 3391 718 3458 praesulum
738 3390 883 3459 provinciis
941 3389 988 3438 sed
1011 3396 1038 3438 et
1055 3391 1119 3436 citra
1138 3405 1249 3438 examen
1269 3385 1410 3454 probatio-

311 3477 430 3529 nemque
450 3460 580 3511 lactarum
610 3459 821 3511 ordiuatIonum.
869 3475 940 3528 quae
965 3460 1149 3508 accusationes
1174 3458 1258 3525 ipsius
1286 3456 1408 3523 plurimis

310 3530 373 3580 aliis
394 3530 556 3583 criminibus
577 3532 729 3582 cumulatae
761 3539 842 3591 sunt,
864 3530 952 3598 iisque
970 3529 1119 3578 manifestis
1141 3536 1168 3577 et
1190 3528 1303 3577 testatis.
1340 3524 1408 3575 haec

314 3600 408 3667 itaque
427 3618 485 3652 cum
505 3619 554 3652 nos
574 3618 753 3664 cerneremus,
772 3608 924 3651 metuentes
946 3616 980 3648 ne
994 3607 1083 3648 etnos
1103 3597 1248 3647 deiectioui
1271 3604 1299 3646 et
1318 3593 1407 3645 eidem
1475 3623 1481 3627 -

310 3668 476 3721 anathemati
496 3672 607 3722 obnoxii
629 3672 753 3722 fieremus
773 3680 900 3738 tauquam
928 3670 1155 3719 communicantes
1176 3684 1234 3721 curn
1255 3667 1408 3715 incommu-

309 3740 431 3802 nicabili,
453 3743 503 3791 iam
524 3742 610 3807 ipsum
629 3742 785 3809 pontificatu
806 3740 947 3807 indignum
966 3739 1143 3789 iudicavimus
1165 3746 1195 3786 ut
1214 3737 1328 3804 primum
1349 3736 1408 3786 vio-

307 3809 420 3860 lationis
443 3809 594 3861 diviuorum
609 3819 636 3861 et
654 3828 787 3877 sacrorum
801 3828 933 3879 canonum
948 3819 1100 3868 auctorem,
1121 3816 1148 3858 et
1162 3807 1301 3858 delinimus
1319 3806 1408 3874 ipsum

309 3895 341 3929 ac
361 3896 409 3948 pro
430 3882 517 3933 eiecto
537 3889 564 3932 et
577 3880 731 3932 abalienato
753 3880 885 3947 habemus
906 3889 989 3931 tuma
1008 3878 1140 3945 dignitate
1160 3877 1327 3945 patriarchae
1348 3884 1407 3927 tum

309 3950 474 4011 anomine,
505 3952 543 4002 ita
563 3959 593 4001 ut
612 3953 689 4002 nullo
711 3951 790 4002 modo
811 3951 996 4019 inposterum
1019 3966 1068 3998 nec
1087 3948 1120 3997 ad
1139 3948 1264 3999 thronum
1288 3947 1405 4013 patriar·

309 4018 415 4070 chicum
434 4036 484 4070 nec
503 4020 537 4070 ad
564 4023 622 4072 eius
651 4021 911 4072 administrationem
941 4019 1109 4088 postliminio
1131 4018 1218 4068 redire
1238 4023 1339 4084 possit,
1359 4014 1407 4066 sed
1462 4055 1464 4059 .

309 4090 497 4141 tantummodo
517 4092 690 4142 monasticam
710 4092 791 4141 vitam
804 4090 909 4157 degere.
926 4090 997 4139 trude
1011 4096 1038 4139 et
1049 4088 1157 4139 iunioris
1171 4088 1266 4137 horum
1285 4086 1406 4137 omnium

308 4162 424 4211 notitiae
444 4180 474 4211 ac
494 4163 663 4213 certitudinis
684 4179 764 4211 causa·
781 4162 836 4211 lata
856 4168 967 4229 quoque
985 4167 1026 4209 est
1036 4169 1125 4208 nostra
1144 4157 1270 4225 synodica
1293 4166 1405 4206 senten-

308 4232 356 4289 tia,
376 4233 514 4299 proposito
536 4243 598 4282 ante
618 4233 711 4283 ocrrlos
730 4247 864 4281 sacrorum
886 4230 1085 4295 evangeliorum
1100 4228 1182 4290 libro,
1202 4236 1229 4278 et
1248 4244 1405 4278 excommu-
1426 4238 1431 4255 ⁸

307 4301 445 4352 nicatione
462 4310 541 4353 autea
560 4302 741 4370 pronuntiata.
779 4309 872 4363 actum¹
887 4316 959 4349 anno
978 4300 1077 4366 septies
1093 4297 1237 4352 millesimo
1257 4305 1404 4367 septuage-

307 4370 375 4423 simo
397 4372 486 4434 tertio,
509 4389 601 4424 mense
619 4373 752 4433 ianuario,
771 4368 920 4422 indictione
939 4378 1042 4421 octava.
1127 4384 1134 4393 Χ
