3692 5350
425 545 494 620 142
816 639 833 666 .
872 563 1064 663 ΗλὸΤρλλΙΑ

419 711 475 774 καί
502 709 588 793 παρὰ
621 712 679 776 τοῦ
708 707 840 790 λεγότου
861 714 918 774 τοῦ
938 712 1050 792 noina,
1070 709 1139 794 ότι,
1164 706 1223 799 ἐφ’
1242 706 1281 777 οὗ
1301 717 1382 796 γένει
1404 715 1538 794 α’ρχιε..

418 811 502 892 ρεός,
525 807 562 872 νοὶ
583 806 648 890 ἔχει
667 806 721 872 τόν
739 806 855 888 θρόνον
875 813 930 891 τῆς
944 814 1174 891 Μουεμβοισίας
1196 813 1440 893 α’νεμποδίστως,
1460 816 1515 876 καί

418 902 523 981 όποιος
542 911 602 971 ταῖν
622 905 799 991 ἱερωμένων
828 901 849 989 η”
869 912 934 972 ταῖν
955 914 1112 989 κοσμικαλν
1147 915 1232 994 φανῇ
1253 911 1354 974 ου’τοό
1373 912 1513 982 ἐναντίος

368 1033 371 1044 ’
417 1009 472 1070 καί
493 1006 647 1088 sinesiis,
676 1004 714 1069 νό
742 1004 928 1070 παιδεύεται
955 1007 1100 1089 μεγάλως
1121 1013 1176 1072 καί
1194 1007 1232 1073 sai
1256 1012 1427 1089 ἐξοριζεται
1447 1005 1509 1070 όπό

416 1105 470 1170 τόν
489 1107 583 1169 τόπον
612 1105 732 1170 ἐκεῖνον
762 1108 820 1182 ἓως
852 1103 925 1190 όλης
954 1111 1008 1190 τῆς
1039 1111 1121 1190 ζωῆς
1152 1111 1262 1172 adteri.
1305 1105 1391 1184 ὅμως
1413 1101 1536 1188 η’λθενδ

415 1208 461 1280 εἰς
490 1210 741 1286 Μονεμβοισίαν,
774 1203 872 1281 ἔδειξε
901 1208 976 1282 roric
999 1206 1153 1289 όρισμοός
1177 1209 1233 1290 τῆς
1255 1207 1426 1279 ου’θεντίας
1447 1207 1510 1268 ταῖν

414 1309 586 1371 Bostram
608 1303 687 1385 πρός
717 1303 773 1368 τόν
803 1300 957 1389 αὐθέντην
978 1308 1034 1369 τοῦ
1063 1306 1159 1369 τόπου
1178 1309 1234 1368 καί
1251 1303 1331 1385 πρός
1353 1303 1427 1378 toric
1448 1298 1510 1384 όρ-

411 1409 526 1484 χοντας
554 1401 608 1466 καί
628 1402 707 1484 πρός
738 1401 903 1467 τόνλαόν.
952 1404 995 1478 ιός
1027 1405 1062 1467 δὲ
1080 1402 1154 1468 itas
1184 1401 1213 1468 oi
1237 1404 1508 1484 Μονεμβασιαῑται

412 1495 487 1577 τὀός
507 1500 667 1583 ὁρισμούς,
691 1498 928 1585 έπροσκόνησυιν
949 1499 1046 1565 ου’τόν
1069 1507 1124 1566 καί
1143 1506 1272 1583 ἐτίμουν
1286 1503 1428 1583 μεγάλως
1451 1503 1508 1562 καί

412 1600 612 1682 εὐλαβοῦντο,
634 1595 683 1662 ότι
709 1592 780 1680 ἧτον
801 1604 855 1662 καί
868 1602 1056 1684 σοφώτατος
1076 1605 1183 1682 μέγας.
1226 1599 1335 1664 λοιπόν
1359 1600 1467 1671 τοῦπος
1489 1592 1549 1662 rito

407 1697 578 1781 Ἀρσένιος,
601 1697 644 1770 nic
669 1697 789 1779 όπῆγεν
820 1701 887 1761 ἐκεῖ
906 1699 1043 1783 διοίκωί,
1073 1696 1191 1762 ἔστειλε
1220 1701 1276 1762 καί
1296 1692 1506 1780 ἐπροσκόλεσε

409 1794 463 1860 τόν
483 1798 650 1860 ἐπίσκοπον
669 1798 725 1858 τοῦ
737 1791 864 1871 Ἕλους·
919 1798 975 1858 καί
994 1793 1226 1882 ἐχειροτόνησεν
1249 1793 1346 1861 ου’τόν
1366 1791 1506 1878 πρεσβύ-

410 1919 509 1978 τερον.
550 1894 615 1960 τότε
636 1894 830 1976 συμβούλιον
848 1893 970 1976 ἔκαμον
991 1894 1065 1977 ἐκεῖ,
1089 1891 1170 1972 ὅπως
1195 1895 1232 1961 νό
1256 1897 1465 1983 χειροτονηθῇ
1486 1891 1502 1956 ὁ

410 1992 502 2069 αδτός
522 1995 680 2074 Ἀρσένιος
697 1981 930 2079 μητροπολίτης
945 1996 1186 2076 Μονεμβασίας.
1228 1999 1283 2060 καί
1303 1992 1404 2070 οότως
1426 1991 1503 2058 ἔκα-

406 2118 472 2174 μον
492 2093 547 2157 τόν
561 2087 692 2176 Ἕλους,
721 2093 777 2157 τόν
804 2098 988 2173 ἐπίσκοπον,
1011 2097 1057 2169 εἰς
1085 2097 1179 2158 τόπον
1208 2097 1265 2159 roci
1287 2095 1503 2174 οἰκουμενικοδ
1512 2104 1543 2157 15

406 2191 625 2276 πατριάρχου,
654 2196 709 2256 καί
729 2192 786 2256 δύο
825 2190 919 2276 ἱερεῖς
951 2191 1068 2273 ἔβαλαν
1095 2192 1221 2267 εἰς’δόο
1251 2195 1500 2279 μητροπυλιταῖν,

404 2296 464 2358 τοῦ
486 2291 748 2371 Λακεδαιμονίοις
776 2290 832 2356 καί
859 2295 915 2356 rosi
949 2294 1275 2374 Χριστιανουπόλεως.
1323 2294 1380 2356 καί
1400 2286 1501 2368 οὕτως

403 2388 523 2472 ἔκαμον
546 2388 639 2457 αι’τοί
656 2390 727 2466 roric
747 2389 887 2478 ψήφους,
909 2381 965 2455 sci
986 2389 1106 2455 ἔδωκαν
1128 2391 1227 2458 ου’τοῦ
1244 2391 1279 2457 τό
1302 2390 1418 2473 μικρὸν
1438 2390 1501 2473 μή.

404 2512 499 2570 νυμα,
521 2490 575 2552 καί
596 2490 632 2552 τό
662 2493 744 2571 μέγα
776 2487 857 2570 μετὰ
888 2488 922 2554 τό
945 2476 1119 2572 ἑσπερινόν.
1165 2492 1220 2554 καί
1238 2487 1292 2573 ἐπί
1309 2487 1367 2573 τὴν
1387 2481 1501 2574 αόριον

404 2593 605 2671 λειτουργίας
621 2594 788 2675 γενομένης
809 2589 1048 2673 ἐχειροτόνησαν
1063 2589 1160 2654 αυίόν
1180 2589 1540 2676 μητροπυλιληνΜο-,ἳθ
1601 2613 1604 2616 ·

403 2690 592 2773 νεμβασίας,
625 2690 680 2754 καί
709 2687 855 2755 ἐνδυσαν.
875 2690 971 2754 ου’τόν
996 2687 1076 2770 μεταλ
1106 2693 1169 2753 τῶν
1198 2688 1292 2772 ἱερῶν
1312 2687 1497 2769 ἐνδυμάτων

403 2789 466 2853 τοόν
490 2780 731 2873 α’ρχιεραεικῶν,
754 2791 812 2853 τοῦ
825 2812 857 2855 τε
879 2788 1222 2871 πολοτιμουέσόκιιου,
1236 2791 1291 2855 καί
1310 2788 1495 2875 ω’μοφορίου

403 3067 520 3137 ipsorum
548 3068 689 3135 imperium
710 3069 757 3119 ills
777 3068 852 3119 urbe.
897 3068 1058 3138 pugnabant
1083 3070 1134 3138 ipsi
1154 3087 1202 3139 pro
1229 3087 1275 3136 eo;
1304 3086 1409 3120 causam
1431 3071 1491 3123 eius

402 3138 500 3204 agebat
517 3154 604 3206 papae
625 3139 743 3205 legatus,
769 3137 951 3191 concedentes
974 3141 1008 3201 ei,
1029 3141 1136 3209 quando
1158 3141 1234 3191 fieret
1251 3142 1393 3209 pontifex,
1414 3140 1493 3191 thro·
1537 3136 1544 3151 ⁶

401 3225 465 3259 uum
487 3209 778 3281 Monembasiaecitra
804 3211 1022 3262 controversiam.
1059 3211 1155 3279 quodsi
1177 3214 1237 3280 quis
1262 3214 1305 3262 vel
1323 3213 1492 3284 sacerdotum

401 3280 444 3331 vel
464 3279 634 3347 politicorum
657 3281 793 3331 hominum
820 3298 849 3332 se
871 3280 911 3330 illi
932 3289 1084 3349 opponeret
1106 3299 1156 3331 nec
1173 3291 1294 3350 pareret,
1314 3284 1410 3334 acriter
1428 3299 1492 3333 eum

401 3353 526 3421 punitum
546 3352 578 3401 iri
591 3352 680 3421 'atque
708 3351 775 3403 adeo
797 3354 1002 3404 exterminatum
1034 3354 1065 3402 iri
1087 3369 1101 3401 e
1122 3353 1181 3403 loco
1201 3354 1250 3404 illo
1269 3353 1302 3402 ad
1321 3370 1400 3403 omne
1420 3361 1491 3404 tem-

402 3439 454 3490 pus
473 3422 544 3473 vitae
562 3440 634 3474 suae.
674 3431 738 3473 tunc
757 3424 856 3491 igitur,
878 3431 907 3473 ut
936 3424 1014 3492 coepi
1041 3424 1147 3485 dicere,
1166 3424 1375 3474 Monembasiam
1396 3424 1491 3491 venit3

400 3492 556 3545 mandatum
577 3502 605 3545 et
622 3494 881 3545 commendationem
897 3492 1015 3544 Venetae
1033 3493 1223 3544 dominationis
1238 3495 1375 3562 praelecto
1394 3496 1490 3545 cirita-

400 3564 445 3627 tis,
464 3564 585 3633 patribus
604 3574 632 3615 et
652 3564 763 3634 populo,
781 3564 914 3617 exhibuit.
931 3591 932 3594 ¹
951 3564 1180 3615 Monembasiatae
1198 3574 1341 3635 postquam
1357 3580 1401 3615 eas
1422 3565 1489 3616 lite·

400 3650 442 3685 ras
460 3635 591 3697 viderunt,
612 3635 726 3686 demisse
742 3643 906 3704 exceperunt
924 3634 1071 3695 hominem,
1090 3635 1193 3685 honore
1211 3645 1238 3686 et
1256 3638 1405 3686 reverentia
1425 3652 1488 3703 pro·

400 3715 551 3774 sequentes,
572 3715 665 3775 utpote
694 3708 830 3775 praeclara
859 3706 940 3755 etiam
960 3705 1113 3756 eruditione
1140 3714 1168 3756 et
1185 3705 1306 3757 doctrina
1326 3705 1487 3775 praeditum.

398 3776 511 3844 proinde
523 3779 646 3829 arsenius
657 3778 716 3837 iste,
735 3778 782 3846 qui
793 3777 842 3828 illo
855 3776 984 3826 diaconus
998 3784 1116 3838 venerat,
1129 3777 1256 3846 misitqui
1267 3778 1359 3828 Eleum
1371 3777 1489 3828 accirent

400 3846 575 3915 episcopum
596 3850 641 3918 qui
665 3865 723 3899 eum
743 3848 890 3899 declaravit
908 3846 1100 3913 presbyterum.
1125 3864 1179 3915 quo
1201 3858 1321 3915 tempore
1343 3846 1487 3898 consilium

399 3914 433 3965 ab
451 3918 488 3966 eis
506 3936 597 3969 cusum
619 3927 659 3969 est
673 3920 778 3969 Arsenii
795 3917 1015 3969 Menembasiatis
1034 3918 1223 3986 metropolitae
1242 3917 1357 3969 creandi.
1393 3918 1487 3986 itaque

399 3985 475 4035 illum
494 3988 587 4039 Eleum
610 3991 766 4057 episcopum
796 3989 931 4040 inlocum
951 3996 978 4039 et
1006 3987 1163 4056 dignitatem
1183 3989 1347 4039 oecumenici
1369 3989 1488 4057 patriar-

399 4055 465 4105 chae
485 4058 669 4121 traduxerunt,
688 4060 756 4113 claros
775 4069 865 4111 autem
885 4058 1038 4111 sacerdotes
1053 4077 1101 4128 pro
1122 4058 1227 4110 duobus
1244 4060 1425 4128 metropolitis
1444 4076 1488 4110 re·

396 4133 535 4195 putarunt,
557 4146 609 4180 uno
629 4131 866 4193 Lacedaemoniae,
887 4132 974 4182 altero
995 4129 1251 4198 Christianopoleos.
1297 4131 1335 4181 ita
1354 4130 1407 4198 ipsi
1427 4129 1487 4180 sul-

397 4196 510 4262 fragium
528 4199 669 4263 inierunt,
696 4211 723 4253 et
742 4204 830 4255 minus
855 4201 881 4252 ei
902 4200 1037 4253 dederunt
1064 4201 1211 4261 indicium,
1230 4217 1261 4251 ac
1280 4208 1343 4269 post
1360 4216 1485 4268 vesperas

396 4268 489 4339 maius.
527 4269 656 4336 postridie
683 4272 789 4341 liturgia
816 4272 952 4325 celebrata
979 4289 1040 4322 eum
1064 4270 1265 4323 Monembasias
1290 4271 1486 4339 metropoliteu

397 4338 585 4389 renuntiarunt
602 4340 736 4409 sacrisque
756 4343 956 4412 pontificalibus
980 4342 1137 4404 induerunt,
1158 4342 1277 4410 pretioso
1296 4357 1372 4398 sacco
1391 4349 1420 4392 et
1437 4358 1484 4392 su·

395 4409 578 4481 perhumerali
606 4418 634 4463 et
656 4412 760 4464 ceteris.
797 4431 813 4464 o
840 4414 1016 4483 iniquitatem
1042 4422 1134 4465 contra
1153 4412 1240 4481 leges!
1261 4429 1276 4463 o
1297 4412 1484 4465 adulationem
