3692 5350
646 628 650 635 ,
724 581 926 690 suasmet.
1171 572 1175 583 ’
1323 572 1371 651 49
1425 540 1428 549 Δ

281 732 454 800 ἀδιάλυτον
476 729 626 817 sicionios
644 726 678 794 ἒν
690 733 744 822 ni,
755 734 809 795 sui
829 734 1007 815 φαίνονται,
1029 727 1081 796 ὅτε
1094 755 1141 809 τις
1158 734 1259 820 τάφος
1280 736 1373 822 α’φω.

282 838 436 917 ρισμένου
464 832 631 916 α’νεωχθή,
663 828 706 903 ὥς
738 830 886 911 τύμπανα
919 837 976 893 και·
997 834 1139 913 μέλανες,
1163 832 1374 916 ἀποβαλόντες

282 934 378 996 oridia
403 933 439 993 ἐκ
458 933 519 995 τῶν
538 932 665 1009 μελῶν,
687 931 762 993 ουίλὲ
786 927 889 1004 αύτάς
918 929 974 1005 τάς
993 930 1115 1015 τρίχας,
1138 936 1194 996 stas*
1214 928 1275 1017 dre,
1294 934 1375 1011 ἐπάν

262 1031 370 1115 αύτῷ
380 1029 610 1112 συγχωρήσωσι
627 1031 667 1092 δι’
686 1030 782 1111 εύχής
796 1032 850 1091 καί
866 1026 1057 1113 ἐπικλήσεως
1070 1031 1160 1110 θεοῦ,
1181 1033 1289 1103 λύεται
1310 1030 1374 1097 πά.
1462 1064 1463 1067 “

254 1144 332 1199 tiss
353 1134 408 1199 κατ’
429 1134 513 1206 κόνις
533 1136 664 1213 γίνεται.
679 1123 686 1138 “
700 1134 934 1211 μετεκαλέσατο
954 1134 1053 1194 ταῦτα
1076 1128 1299 1213 ἐνωτισάμενος
1319 1131 1375 1199 τάν

281 1233 494 1314 πατριάρχην,
514 1230 565 1293 ἵνα
586 1228 622 1293 τὸ
642 1234 783 1294 τοιοῦτον
807 1228 951 1316 πιστάση
974 1228 1069 1314 αύτῷ.
1112 1224 1148 1303 tc
1169 1230 1206 1311 δή
1228 1231 1376 1307 α’πελθιόν

282 1331 338 1395 κού
355 1336 456 1395 ταῦτα
475 1330 614 1403 οἰκούσας
634 1327 719 1411 παρά
737 1332 797 1392 τού
811 1316 984 1391 σουλτάνου
1004 1326 1159 1409 ύπὲσχετο
1181 1331 1377 1414 φανεράσειν

283 1428 370 1519 αύτῷ
382 1477 393 1506 ,
414 1427 596 1510 εὑρεθέντος
625 1427 710 1504 τινάς
735 1427 982 1513 προτεθνηκύτος
1009 1411 1248 1513 ἕν’άφορισμού
1268 1432 1372 1513 βάρει.

283 1529 432 1604 ἐλθόντος
452 1523 510 1595 σύν
529 1532 562 1593 ἐν
592 1531 806 1615 πατριαρχειήι
829 1532 887 1591 τοῦ
909 1526 1210 1610 πατριάρχου,καί
1234 1532 1376 1612 σκέψεως

241 1640 275 1692 10
282 1632 447 1713 γενομένης
458 1628 535 1711 περί
544 1651 628 1702 τινος
643 1628 829 1712 φθάσαντος
840 1631 1023 1709 τελευτήσω
1035 1631 1068 1691 ἐν
1079 1623 1173 1709 βάρει
1184 1628 1375 1714 α’φορισμού,

283 1730 496 1812 ε’νενοήθησαν
520 1722 569 1791 ὅτι
590 1725 667 1812 γυνή
692 1751 740 1803 τις
761 1724 894 1812 άσελγής
923 1716 1006 1791 ούσα
1028 1728 1199 1813 διεφήμισε
1219 1732 1275 1793 καί
1297 1727 1373 1795 κατά

281 1828 482 1909 πατριάρχου
504 1823 554 1891 ὅτι
578 1831 759 1909 συνεγένετο
773 1821 866 1913 αύτῇ,
887 1818 925 1909 ἧς
945 1828 1053 1911 φήμης
1076 1830 1303 1913 διασπαρεισης
1326 1854 1373 1891 τι·

280 1929 333 1998 νὲς
355 1927 527 2002 ἐπίστευον.
570 1926 605 1999 ὃς
624 1929 727 1989 ταῦτα
758 1924 898 2001 α’κούσας
928 1924 1119 2009 ἐξεφώνησεν
1139 1926 1317 2013 α’φορισμὸν
1341 1925 1374 1991 ἐν

281 2028 342 2109 μιᾷ
362 2029 425 2088 τάν
444 2022 569 2110 ἑορτῶν.
611 2029 666 2088 καί
686 2023 725 2108 δή
747 2028 782 2090 ἐκ
801 2030 920 2089 πολλοῦ
942 2022 1167 2109 ἀποθανούσης
1188 2030 1245 2104 τῆς
1264 2026 1419 2109 raros-28

239 2123 338 2198 τῦκάς
358 2120 485 2208 ταύτης,
507 2121 549 2197 άς
571 2128 750 2202 ἐλπίζοντος
769 2129 826 2189 τού
845 2123 1047 2206 πατριάρχου
1076 2116 1126 2187 ὅτι
1148 2125 1182 2188 ἐν
1202 2118 1374 2211 άφορισμηῖ

279 2231 370 2306 μένει
392 2217 442 2288 οἶα
463 2227 631 2307 κατήγορος
653 2225 797 2288 τοιούτου
822 2222 946 2308 άνάρὸς,
966 2224 1080 2311 ήνέιρξε
1100 2220 1135 2287 τά
1157 2229 1275 2308 μνῆμα.
1318 2225 1373 2285 καί

282 2316 326 2405 (οἳ
346 2326 408 2386 τάν
430 2325 621 2403 θαυμασίων
650 2327 746 2407 θεοῦ)
775 2320 892 2408 εὑρέθη
915 2321 958 2398 cic
983 2323 1094 2405 ἐτέθη,
1113 2325 1316 2405 ἐξωγκωμένη
1338 2325 1376 2385 δὲ

279 2424 378 2501 μόνον
398 2426 452 2484 καί
472 2428 617 2503 μέλαινα,
636 2421 683 2503 μή
703 2426 908 2504 ἀποβαλοῦσα
932 2425 1007 2489 ούδὲ
1030 2424 1087 2498 τάς
1108 2426 1141 2489 ἐν
1161 2426 1283 2508 κεφαλή
1302 2422 1371 2503 τρί-

279 2545 352 2602 χας.
396 2521 451 2584 καί
479 2517 549 2585 τότε
580 2523 619 2606 δή
649 2521 859 2605 διεμηνύσατο
889 2528 934 2610 τῷ
963 2524 1138 2611 σουλτάνιρ,
1165 2520 1200 2595 ὃς
1231 2519 1372 2603 ἔπεμψεν

232 2622 384 2695 totorum
412 2619 603 2704 α’νθριάπους
627 2622 682 2686 καὶ
710 2621 884 2686 ἐθεάσαντο
915 2625 1034 2707 αάτήν,
1060 2623 1162 2688 strat
1179 2620 1373 2702 θεασάμενοι
1449 2689 1455 2702 ,

279 2718 398 2804 ταύτην
418 2721 631 2805 ἐξεπλάγησαν
650 2722 706 2785 stoi
725 2724 932 2802 ἐθαύμασαν·
985 2726 1040 2788 καί
1060 2722 1165 2787 ἔθεντο
1186 2725 1220 2786 ἐν
1239 2720 1371 2808 κιβωτιήν

280 2820 337 2883 κατ’
356 2817 536 2906 η’σφάλιοαν
557 2820 633 2905 miri
654 2818 708 2884 dui
729 2821 868 2903 βούλλας
889 2825 946 2885 τοῦ
974 2825 1140 2901 βασιλέως.
1183 2819 1293 2902 ἔταξαν
1315 2811 1372 2881 σύν

282 3106 348 3160 qur,
366 3091 490 3160 sepulcro
514 3093 576 3144 talis
601 3092 720 3144 hominis
735 3093 852 3163 aperto,
879 3094 992 3150 cadaver
1011 3095 1097 3146 instar
1110 3095 1230 3164 tympani
1249 3093 1371 3147 inflatum

284 3171 315 3211 et
334 3162 683 3228 nigromanticmembro
702 3166 808 3228 amisso,
833 3182 867 3214 ns
886 3167 945 3233 ipso
968 3167 1077 3235 quidem
1096 3167 1205 3236 capilio.
1242 3183 1330 3218 rursus
1347 3167 1370 3218 si
1441 3165 1443 3171 ’

281 3233 387 3281 veniam
409 3234 533 3302 precibus
552 3243 581 3285 et
602 3235 773 3287 invocatione
792 3236 908 3287 numinis
928 3236 1012 3286 divini
1032 3239 1057 3288 ei
1078 3239 1231 3306 impetrent,
1249 3236 1369 3288 dissolu·

282 3306 385 3353 tionem
407 3301 541 3354 cadaveris
561 3306 590 3356 in
608 3307 724 3356 cinerem
744 3307 810 3356 fieri.
836 3308 942 3358 accivit
958 3307 1001 3358 his
1019 3307 1119 3359 auditis
1136 3308 1320 3377 patriarcham,
1340 3316 1370 3359 ut

281 3373 343 3422 cius
362 3374 401 3423 rei
421 3374 472 3424 sibi
494 3375 528 3423 ab
549 3392 581 3426 eo
608 3374 675 3426 fides
706 3377 790 3427 fieret.
827 3378 1021 3446 quinniens,
1043 3377 1252 3429 auditasultani
1273 3386 1369 3446 postu-

281 3444 401 3504 latione,
422 3461 450 3494 ιε
468 3446 579 3514 pianum
596 3448 621 3496 ei
647 3448 780 3497 iacturum
807 3449 939 3516 promisit,
960 3455 989 3500 ut
1009 3451 1123 3517 primurn
1142 3449 1241 3518 aliquis
1259 3465 1368 3497 succur-

283 3522 355 3564 reret
374 3515 522 3636 aliquansplo
537 3516 714 3568 anathematis
733 3519 808 3568 oneri
826 3520 991 3570 immortuus.
1023 3536 1134 3570 reverso
1154 3520 1182 3576 in
1203 3517 1367 3568 domicilium

280 3602 360 3635 suum
379 3587 494 3654 patriarc
513 3603 549 3650 a,
569 3588 732 3654 cogitatione
759 3597 787 3639 et
803 3587 984 3658 dispicientia,
1006 3591 1027 3640 si
1048 3590 1109 3660 quis
1127 3589 1280 3658 pranteritia
1298 3597 1368 3640 tem·

280 3656 394 3724 poribus
413 3673 445 3706 ea
459 3659 530 3708 mole
551 3675 657 3726 pressus
677 3659 797 3719 obiisset,
815 3669 947 3730 suscepta,
964 3661 1087 3730 patribus
1107 3661 1136 3710 in
1154 3666 1271 3709 mentem
1291 3659 1367 3710 venit

279 3727 403 3776 mulieris
419 3728 556 3778 cuiusdam
576 3728 748 3791 libidinosae,
768 3745 838 3798 quae
855 3731 888 3781 de
907 3730 1025 3801 quodam
1043 3729 1200 3799 patriarcha,
1218 3728 1291 3779 hunc
1308 3730 1367 3796 ipsa

277 3799 460 3859 consuevisse,
471 3796 574 3863 ,tamam
594 3811 740 3868 sparsorum
764 3802 807 3850 oui
826 3803 911 3852 famae
932 3820 987 3852 non
1008 3819 1022 3850 a
1041 3801 1146 3852 nemine
1168 3799 1254 3850 fuerat
1273 3798 1367 3849 habita

279 3866 354 3918 fider.
401 3869 424 3918 is
446 3885 525 3931 vero,
551 3870 724 3939 improbitate
748 3873 873 3939 cognita,
900 3872 1064 3924 anathemati
1090 3872 1164 3921 iliam
1182 3868 1300 3940 quodam
1319 3868 1366 3920 dis

278 3938 349 3988 festo
370 3939 530 3992 subiecerat.
551 3957 620 4010 quae
638 3942 735 3992 mulier
750 3960 809 3992 cum
829 3944 910 4009 longo
931 3953 995 3993 autc
1013 3951 1134 4010 tempore
1153 3956 1169 3990 e
1189 3940 1255 3990 rivis
1274 3957 1366 3991 esces.

279 4009 366 4070 sisset,
384 4010 535 4078 patriarcha
553 4007 708 4063 existimans
727 4028 797 4072 eam,
819 4014 883 4081 quia
903 4019 1006 4076 tantmn
1025 4013 1109 4062 virum
1131 4009 1296 4075 infamasset,
1314 4012 1364 4062 id·

277 4078 339 4128 huc.
350 4079 523 4132 anathemate
542 4083 713 4146 constrictam
730 4083 826 4145 teneri,
844 4083 996 4152 sepulcrum
1017 4083 1075 4134 eius
1092 4080 1267 4151 aperiendum
1286 4099 1364 4132 cura-

277 4149 327 4200 vit
355 4159 419 4202 tunc
437 4152 485 4202 illa
502 4151 530 4222 (o
548 4153 704 4203 miraculum
717 4151 772 4223 dei)
789 4153 818 4203 in
831 4171 864 4205 εο
883 4160 954 4204 statu
972 4171 1025 4223 qno
1040 4152 1163 4222 deposita
1180 4160 1286 4222 reperta
1304 4152 1365 4214 suit,

277 4221 381 4271 tumida
399 4221 557 4292 turgidaque
577 4232 680 4274 tantum
699 4232 731 4274 eb
747 4224 832 4290 nigra,
849 4224 970 4274 nondum
989 4223 1070 4275 etiam
1087 4223 1206 4274 crinibus
1223 4223 1258 4275 de
1276 4225 1363 4292 capite

277 4292 390 4343 amissis.
437 4310 464 4344 ro
492 4294 527 4344 ad
553 4295 688 4350 sultanum
719 4295 801 4344 allata
824 4295 899 4347 misit
922 4296 945 4344 is
973 4294 1007 4346 ad
1031 4293 1265 4364 contemplandam
1288 4295 1363 4345 iiiam

278 4371 366 4413 certor
386 4361 516 4416 homines.
539 4366 599 4434 ·qui
614 4365 790 4433 contemplati
802 4365 979 4418 admiratione
992 4365 1198 4436 obstupuerunt.
1234 4365 1362 4427 cadavere
1418 4391 1419 4394 =

280 4431 380 4483 driade
397 4435 427 4485 in
445 4451 504 4485 arca
525 4437 613 4503 posito
634 4436 703 4487 hanc
721 4436 809 4506 sigilio
830 4438 903 4506 regio
924 4439 1110 4504 mnnivrrssnt;
1141 4435 1210 4488 diem
1228 4435 1363 4498 dixerunt,

263 4584 266 4587 ,
317 4541 385 4593 σοι.
398 4541 454 4612 prr.
473 4543 521 4596 cr.
1161 4549 1178 4596 ι
1246 4551 1249 4558 s
