<?xml version="1.0" encoding="UTF-8"?>
<!DOCTYPE html PUBLIC "-//W3C//DTD XHTML 1.0 Transitional//EN"
    "http://www.w3.org/TR/xhtml1/DTD/xhtml1-transitional.dtd">
<html xmlns="http://www.w3.org/1999/xhtml" xml:lang="en" lang="en">
 <head>
  <title>
</title>
<meta http-equiv="Content-Type" content="text/html;charset=utf-8" />
  <meta name='ocr-system' content='tesseract 3.04.00' />
  <meta name='ocr-capabilities' content='ocr_page ocr_carea ocr_par ocr_line ocrx_word'/>
</head>
<body>
  <div class='ocr_page' id='page_1' title='image "./historiapolitic00bekkgoog_0075.png"; bbox 0 0 3692 5350; ppageno 0'>
   <div class='ocr_carea' id='block_1_1' title="bbox 768 584 1400 657">
    <p class='ocr_par' dir='ltr' id='par_1_1' title="bbox 768 584 1400 657">
     <span class='ocr_line' id='line_1_1' title="bbox 768 584 1400 657; baseline 0.003 -7"><span class='ocrx_word' id='word_1_1' title='bbox 768 589 968 654; x_wconf 78' lang='lat' dir='ltr'>POLlTlCA.</span> <span class='ocrx_word' id='word_1_2' title='bbox 1353 584 1400 657; x_wconf 79' lang='lat'>65</span> 
     </span>
    </p>
   </div>
   <div class='ocr_carea' id='block_1_2' title="bbox 265 708 1492 2817">
    <p class='ocr_par' dir='ltr' id='par_1_2' title="bbox 267 708 1492 2197">
     <span class='ocr_line' id='line_1_2' title="bbox 306 708 1403 824; baseline 0 -20"><span class='ocrx_word' id='word_1_3' title='bbox 306 733 372 804; x_wconf 82' lang='grc' dir='ltr'><strong><em>σαν</em></strong></span> <span class='ocrx_word' id='word_1_4' title='bbox 390 733 510 820; x_wconf 72' lang='grc' dir='ltr'><strong><em>βουλίην</em></strong></span> <span class='ocrx_word' id='word_1_5' title='bbox 530 734 558 799; x_wconf 74' lang='grc' dir='ltr'>οἱ</span> <span class='ocrx_word' id='word_1_6' title='bbox 588 708 759 819; x_wconf 69' lang='grc' dir='ltr'><strong><em>γενίτζαροι</em></strong></span> <span class='ocrx_word' id='word_1_7' title='bbox 784 741 842 800; x_wconf 78' lang='grc' dir='ltr'>τοῦ</span> <span class='ocrx_word' id='word_1_8' title='bbox 877 743 1011 823; x_wconf 81' lang='grc' dir='ltr'><strong><em>ζητῆσαι</em></strong></span> <span class='ocrx_word' id='word_1_9' title='bbox 1032 737 1088 803; x_wconf 82' lang='grc' dir='ltr'>τὸν</span> <span class='ocrx_word' id='word_1_10' title='bbox 1109 741 1246 824; x_wconf 80' lang='grc' dir='ltr'><strong><em>Σελίμην</em></strong></span> <span class='ocrx_word' id='word_1_11' title='bbox 1266 732 1403 822; x_wconf 68' lang='grc' dir='ltr'><strong><em>ἄρχοντα</em></strong></span> 
     </span>
     <span class='ocr_line' id='line_1_3' title="bbox 306 835 1404 924; baseline -0.003 -20"><span class='ocrx_word' id='word_1_12' title='bbox 306 843 367 904; x_wconf 85' lang='grc' dir='ltr'>τοῦ</span> <span class='ocrx_word' id='word_1_13' title='bbox 392 835 573 920; x_wconf 73' lang='grc' dir='ltr'><strong><em>στρατεύειν</em></strong></span> <span class='ocrx_word' id='word_1_14' title='bbox 599 838 632 900; x_wconf 82' lang='grc' dir='ltr'>ἐν</span> <span class='ocrx_word' id='word_1_15' title='bbox 660 841 699 922; x_wconf 79' lang='grc' dir='ltr'>τῇ</span> <span class='ocrx_word' id='word_1_16' title='bbox 729 837 868 922; x_wconf 74' lang='grc' dir='ltr'><strong><em>ἀνατολῇ</em></strong></span> <span class='ocrx_word' id='word_1_17' title='bbox 897 844 968 917; x_wconf 89' lang='grc' dir='ltr'><strong><em>μετ’</em></strong></span> <span class='ocrx_word' id='word_1_18' title='bbox 989 840 1112 919; x_wconf 67' lang='lat' dir='ltr'>odada,</span> <span class='ocrx_word' id='word_1_19' title='bbox 1134 841 1404 924; x_wconf 77' lang='grc' dir='ltr'><strong><em>προφασιζόμενοι</em></strong></span> 
     </span>
     <span class='ocr_line' id='line_1_4' title="bbox 308 933 1405 1019; baseline 0.001 -19"><span class='ocrx_word' id='word_1_20' title='bbox 308 935 361 1002; x_wconf 74' lang='grc' dir='ltr'><strong><em>ὅτι</em></strong></span> <span class='ocrx_word' id='word_1_21' title='bbox 381 936 450 1002; x_wconf 81' lang='grc' dir='ltr'><strong><em>ἔστι</em></strong></span> <span class='ocrx_word' id='word_1_22' title='bbox 473 941 574 1018; x_wconf 78' lang='grc' dir='ltr'><strong><em>γέρων</em></strong></span> <span class='ocrx_word' id='word_1_23' title='bbox 595 933 611 998; x_wconf 83' lang='grc' dir='ltr'>ὅ</span> <span class='ocrx_word' id='word_1_24' title='bbox 632 935 783 1016; x_wconf 81' lang='grc' dir='ltr'><strong><em>βασιλεύς</em></strong></span> <span class='ocrx_word' id='word_1_25' title='bbox 804 939 857 999; x_wconf 80' lang='grc' dir='ltr'><strong><em>καί</em></strong></span> <span class='ocrx_word' id='word_1_26' title='bbox 876 934 912 998; x_wconf 81' lang='grc' dir='ltr'>οὗ</span> <span class='ocrx_word' id='word_1_27' title='bbox 936 934 1070 1000; x_wconf 81' lang='grc' dir='ltr'><strong><em>δύναται</em></strong></span> <span class='ocrx_word' id='word_1_28' title='bbox 1092 937 1288 1019; x_wconf 79' lang='grc' dir='ltr'><strong><em>στρατεύειν,</em></strong></span> <span class='ocrx_word' id='word_1_29' title='bbox 1309 939 1405 1001; x_wconf 72' lang='grc' dir='ltr'><strong><em>αυτοὶ</em></strong></span> 
     </span>
     <span class='ocr_line' id='line_1_5' title="bbox 309 1029 1402 1116; baseline -0.004 -14"><span class='ocrx_word' id='word_1_30' title='bbox 309 1042 349 1102; x_wconf 83' lang='grc' dir='ltr'>δὲ</span> <span class='ocrx_word' id='word_1_31' title='bbox 378 1045 527 1116; x_wconf 81' lang='grc' dir='ltr'><strong><em>πολεμεῖν</em></strong></span> <span class='ocrx_word' id='word_1_32' title='bbox 555 1040 686 1099; x_wconf 76' lang='grc' dir='ltr'><strong><em>θέλουσι</em></strong></span> <span class='ocrx_word' id='word_1_33' title='bbox 719 1035 773 1098; x_wconf 84' lang='grc' dir='ltr'><strong><em>καί</em></strong></span> <span class='ocrx_word' id='word_1_34' title='bbox 800 1034 1041 1114; x_wconf 73' lang='grc' dir='ltr'><strong><em>στρατεύεσθαι.</em></strong></span> <span class='ocrx_word' id='word_1_35' title='bbox 1088 1040 1275 1113; x_wconf 73' lang='grc' dir='ltr'><strong><em>καθεζέσθω</em></strong></span> <span class='ocrx_word' id='word_1_36' title='bbox 1305 1029 1402 1098; x_wconf 75' lang='lat' dir='ltr'>aduri</span> 
     </span>
     <span class='ocr_line' id='line_1_6' title="bbox 283 1133 1403 1222; baseline -0.005 -18"><span class='ocrx_word' id='word_1_37' title='bbox 283 1143 410 1221; x_wconf 74' lang='lat' dir='ltr'>oye&#39;om</span> <span class='ocrx_word' id='word_1_38' title='bbox 432 1139 466 1200; x_wconf 80' lang='grc' dir='ltr'>ἐν</span> <span class='ocrx_word' id='word_1_39' title='bbox 487 1138 526 1222; x_wconf 80' lang='grc' dir='ltr'>τῇ</span> <span class='ocrx_word' id='word_1_40' title='bbox 547 1140 801 1216; x_wconf 84' lang='grc' dir='ltr'><strong><em>Κωνστσντίνου,</em></strong></span> <span class='ocrx_word' id='word_1_41' title='bbox 823 1141 876 1199; x_wconf 83' lang='grc' dir='ltr'><strong><em>καί</em></strong></span> <span class='ocrx_word' id='word_1_42' title='bbox 899 1133 928 1198; x_wconf 82' lang='grc' dir='ltr'>οἱ</span> <span class='ocrx_word' id='word_1_43' title='bbox 952 1136 1016 1198; x_wconf 82' lang='grc' dir='ltr'><strong><em>νέοι</em></strong></span> <span class='ocrx_word' id='word_1_44' title='bbox 1038 1140 1118 1215; x_wconf 84' lang='grc' dir='ltr'><strong><em>μετὰ</em></strong></span> <span class='ocrx_word' id='word_1_45' title='bbox 1141 1139 1199 1199; x_wconf 77' lang='grc' dir='ltr'>τοῦ</span> <span class='ocrx_word' id='word_1_46' title='bbox 1220 1139 1291 1198; x_wconf 81' lang='grc' dir='ltr'><strong><em>νέου</em></strong></span> <span class='ocrx_word' id='word_1_47' title='bbox 1312 1144 1403 1198; x_wconf 91' lang='grc' dir='ltr'><strong><em>πολε-</em></strong></span> 
     </span>
     <span class='ocr_line' id='line_1_7' title="bbox 308 1230 1445 1318; baseline -0.003 -18"><span class='ocrx_word' id='word_1_48' title='bbox 308 1241 490 1318; x_wconf 83' lang='grc' dir='ltr'><strong><em>μείτωσαν·</em></strong></span> <span class='ocrx_word' id='word_1_49' title='bbox 533 1230 608 1297; x_wconf 83' lang='grc' dir='ltr'><strong><em>’ἄνευ</em></strong></span> <span class='ocrx_word' id='word_1_50' title='bbox 631 1233 689 1318; x_wconf 78' lang='grc' dir='ltr'>γὰρ</span> <span class='ocrx_word' id='word_1_51' title='bbox 713 1241 858 1315; x_wconf 77' lang='grc' dir='ltr'><strong><em>πολέμων</em></strong></span> <span class='ocrx_word' id='word_1_52' title='bbox 881 1237 936 1297; x_wconf 81' lang='grc' dir='ltr'><strong><em>καί</em></strong></span> <span class='ocrx_word' id='word_1_53' title='bbox 956 1237 1076 1316; x_wconf 79' lang='grc' dir='ltr'><strong><em>κερδῶν</em></strong></span> <span class='ocrx_word' id='word_1_54' title='bbox 1096 1235 1135 1296; x_wconf 89' lang='grc' dir='ltr'>ου’</span> <span class='ocrx_word' id='word_1_55' title='bbox 1156 1232 1322 1316; x_wconf 74' lang='grc' dir='ltr'><strong><em>βούλονται</em></strong></span> <span class='ocrx_word' id='word_1_56' title='bbox 1343 1242 1445 1297; x_wconf 87' lang='grc' dir='ltr'><strong><em>κα-37</em></strong></span> 
     </span>
     <span class='ocr_line' id='line_1_8' title="bbox 308 1329 1407 1420; baseline -0.005 -20"><span class='ocrx_word' id='word_1_57' title='bbox 308 1339 475 1414; x_wconf 72' lang='grc' dir='ltr'><strong><em>δέξεσθαι.</em></strong></span> <span class='ocrx_word' id='word_1_58' title='bbox 519 1336 671 1420; x_wconf 77' lang='grc' dir='ltr'><strong><em>ἀνέφερον</em></strong></span> <span class='ocrx_word' id='word_1_59' title='bbox 696 1340 729 1399; x_wconf 84' lang='grc' dir='ltr'>δὲ</span> <span class='ocrx_word' id='word_1_60' title='bbox 750 1339 870 1416; x_wconf 84' lang='grc' dir='ltr'><strong><em>ταῦτα,</em></strong></span> <span class='ocrx_word' id='word_1_61' title='bbox 886 1329 941 1404; x_wconf 80' lang='grc' dir='ltr'><strong><em>,ὅτι</em></strong></span> <span class='ocrx_word' id='word_1_62' title='bbox 962 1331 1061 1409; x_wconf 72' lang='grc' dir='ltr'><strong><em>οὕτως</em></strong></span> <span class='ocrx_word' id='word_1_63' title='bbox 1082 1338 1227 1398; x_wconf 80' lang='grc' dir='ltr'><strong><em>αἰτοῦσιν</em></strong></span> <span class='ocrx_word' id='word_1_64' title='bbox 1247 1332 1275 1397; x_wconf 78' lang='grc' dir='ltr'><strong><em>αἱ</em></strong></span> <span class='ocrx_word' id='word_1_65' title='bbox 1297 1338 1407 1397; x_wconf 81' lang='grc' dir='ltr'><strong><em>δοῦλοί</em></strong></span> 
     </span>
     <span class='ocr_line' id='line_1_9' title="bbox 309 1430 1492 1519; baseline -0.003 -19"><span class='ocrx_word' id='word_1_66' title='bbox 309 1459 379 1500; x_wconf 91' lang='grc' dir='ltr'><strong><em>σου.</em></strong></span> <span class='ocrx_word' id='word_1_67' title='bbox 423 1435 499 1498; x_wconf 72' lang='lat' dir='ltr'>tut</span> <span class='ocrx_word' id='word_1_68' title='bbox 529 1437 652 1515; x_wconf 78' lang='grc' dir='ltr'><strong><em>κρατῶν</em></strong></span> <span class='ocrx_word' id='word_1_69' title='bbox 679 1440 803 1518; x_wconf 81' lang='grc' dir='ltr'><strong><em>βαρέως</em></strong></span> <span class='ocrx_word' id='word_1_70' title='bbox 822 1433 916 1519; x_wconf 78' lang='grc' dir='ltr'><strong><em>ἔφερε</em></strong></span> <span class='ocrx_word' id='word_1_71' title='bbox 937 1439 993 1498; x_wconf 78' lang='grc' dir='ltr'><strong><em>κατ’</em></strong></span> <span class='ocrx_word' id='word_1_72' title='bbox 1017 1430 1179 1517; x_wconf 78' lang='grc' dir='ltr'><strong><em>ἠγανάκτει</em></strong></span> <span class='ocrx_word' id='word_1_73' title='bbox 1201 1440 1268 1497; x_wconf 89' lang='grc' dir='ltr'><strong><em>κατ’</em></strong></span> <span class='ocrx_word' id='word_1_74' title='bbox 1290 1435 1403 1496; x_wconf 72' lang='grc' dir='ltr'><strong><em>αὐτῶν.</em></strong></span> <span class='ocrx_word' id='word_1_75' title='bbox 1490 1490 1492 1497; x_wconf 94' lang='grc'>.</span> 
     </span>
     <span class='ocr_line' id='line_1_10' title="bbox 309 1531 1405 1620; baseline -0.005 -20"><span class='ocrx_word' id='word_1_76' title='bbox 309 1532 504 1611; x_wconf 78' lang='grc' dir='ltr'><strong><em>α’κούσαντες</em></strong></span> <span class='ocrx_word' id='word_1_77' title='bbox 526 1537 561 1598; x_wconf 85' lang='grc' dir='ltr'>δὲ</span> <span class='ocrx_word' id='word_1_78' title='bbox 583 1533 613 1600; x_wconf 87' lang='grc' dir='ltr'>οἱ</span> <span class='ocrx_word' id='word_1_79' title='bbox 625 1539 796 1620; x_wconf 79' lang='grc' dir='ltr'><strong><em>γενίτζαροι</em></strong></span> <span class='ocrx_word' id='word_1_80' title='bbox 822 1531 871 1598; x_wconf 83' lang='grc' dir='ltr'><strong><em>δτι</em></strong></span> <span class='ocrx_word' id='word_1_81' title='bbox 892 1538 933 1598; x_wconf 86' lang='grc' dir='ltr'>ου’</span> <span class='ocrx_word' id='word_1_82' title='bbox 951 1537 1094 1598; x_wconf 75' lang='grc' dir='ltr'><strong><em>πείθεται</em></strong></span> <span class='ocrx_word' id='word_1_83' title='bbox 1113 1536 1170 1618; x_wconf 77' lang='grc' dir='ltr'>τὴν</span> <span class='ocrx_word' id='word_1_84' title='bbox 1190 1534 1321 1610; x_wconf 85' lang='grc' dir='ltr'><strong><em>οἷξίωσιν</em></strong></span> <span class='ocrx_word' id='word_1_85' title='bbox 1343 1531 1405 1595; x_wconf 85' lang='grc' dir='ltr'><strong><em>αι’-</em></strong></span> 
     </span>
     <span class='ocr_line' id='line_1_11' title="bbox 267 1633 1417 1718; baseline -0.003 -19"><span class='ocrx_word' id='word_1_86' title='bbox 267 1647 301 1700; x_wconf 85' lang='lat'>1⁰</span> <span class='ocrx_word' id='word_1_87' title='bbox 311 1639 386 1715; x_wconf 75' lang='grc' dir='ltr'><strong><em>τῶν,</em></strong></span> <span class='ocrx_word' id='word_1_88' title='bbox 408 1640 600 1700; x_wconf 80' lang='grc' dir='ltr'><strong><em>ἐστασίασαν</em></strong></span> <span class='ocrx_word' id='word_1_89' title='bbox 629 1640 674 1709; x_wconf 86' lang='grc' dir='ltr'>εἰς</span> <span class='ocrx_word' id='word_1_90' title='bbox 696 1641 729 1698; x_wconf 79' lang='grc' dir='ltr'>ἓν</span> <span class='ocrx_word' id='word_1_91' title='bbox 759 1637 978 1716; x_wconf 76' lang='grc' dir='ltr'><strong><em>συνελθόντες,</em></strong></span> <span class='ocrx_word' id='word_1_92' title='bbox 1000 1635 1055 1698; x_wconf 79' lang='grc' dir='ltr'><strong><em>καί</em></strong></span> <span class='ocrx_word' id='word_1_93' title='bbox 1074 1633 1299 1718; x_wconf 69' lang='grc' dir='ltr'><strong><em>ἠβουλήθησαν</em></strong></span> <span class='ocrx_word' id='word_1_94' title='bbox 1316 1636 1417 1701; x_wconf 78' lang='grc' dir='ltr'><strong><em>,α’πο-’</em></strong></span> 
     </span>
     <span class='ocr_line' id='line_1_12' title="bbox 310 1732 1405 1817; baseline 0 -19"><span class='ocrx_word' id='word_1_95' title='bbox 310 1743 431 1798; x_wconf 85' lang='grc' dir='ltr'><strong><em>κτεῖναι</em></strong></span> <span class='ocrx_word' id='word_1_96' title='bbox 452 1733 525 1809; x_wconf 82' lang='grc' dir='ltr'><strong><em>τοδς</em></strong></span> <span class='ocrx_word' id='word_1_97' title='bbox 545 1735 795 1817; x_wconf 78' lang='grc' dir='ltr'><strong><em>βεζηραζέμιδας</em></strong></span> <span class='ocrx_word' id='word_1_98' title='bbox 818 1737 873 1798; x_wconf 81' lang='grc' dir='ltr'><strong><em>καί</em></strong></span> <span class='ocrx_word' id='word_1_99' title='bbox 895 1735 1083 1817; x_wconf 75' lang='grc' dir='ltr'><strong><em>διὰρπαγμα</em></strong></span> <span class='ocrx_word' id='word_1_100' title='bbox 1103 1738 1207 1796; x_wconf 75' lang='grc' dir='ltr'><strong><em>θεῖναι</em></strong></span> <span class='ocrx_word' id='word_1_101' title='bbox 1229 1732 1286 1816; x_wconf 81' lang='grc' dir='ltr'>την</span> <span class='ocrx_word' id='word_1_102' title='bbox 1304 1732 1405 1798; x_wconf 77' lang='grc' dir='ltr'><strong><em>πόλιν.</em></strong></span> 
     </span>
     <span class='ocr_line' id='line_1_13' title="bbox 309 1826 1440 1916; baseline 0 -19"><span class='ocrx_word' id='word_1_103' title='bbox 309 1833 356 1916; x_wconf 78' lang='grc' dir='ltr'>μη</span> <span class='ocrx_word' id='word_1_104' title='bbox 381 1832 465 1915; x_wconf 81' lang='grc' dir='ltr'><strong><em>ἔχων</em></strong></span> <span class='ocrx_word' id='word_1_105' title='bbox 484 1835 519 1897; x_wconf 87' lang='grc' dir='ltr'>δὲ</span> <span class='ocrx_word' id='word_1_106' title='bbox 540 1833 556 1897; x_wconf 85' lang='lat' dir='ltr'>o‘</span> <span class='ocrx_word' id='word_1_107' title='bbox 578 1836 735 1916; x_wconf 72' lang='grc' dir='ltr'><strong><em>αὐθέντης</em></strong></span> <span class='ocrx_word' id='word_1_108' title='bbox 758 1830 817 1898; x_wconf 79' lang='grc' dir='ltr'><strong><em>ὅτι</em></strong></span> <span class='ocrx_word' id='word_1_109' title='bbox 837 1839 892 1897; x_wconf 84' lang='grc' dir='ltr'><strong><em>καί</em></strong></span> <span class='ocrx_word' id='word_1_110' title='bbox 911 1834 1083 1915; x_wconf 73' lang='grc' dir='ltr'><strong><em>ποιήσειεν,</em></strong></span> <span class='ocrx_word' id='word_1_111' title='bbox 1105 1830 1231 1916; x_wconf 81' lang='grc' dir='ltr'><strong><em>ἔστερξε</em></strong></span> <span class='ocrx_word' id='word_1_112' title='bbox 1249 1836 1303 1895; x_wconf 83' lang='grc' dir='ltr'><strong><em>καί</em></strong></span> <span class='ocrx_word' id='word_1_113' title='bbox 1321 1826 1406 1897; x_wconf 72' lang='grc' dir='ltr'><strong><em>εἴκων</em></strong></span> <span class='ocrx_word' id='word_1_114' title='bbox 1435 1861 1440 1873; x_wconf 75' lang='grc'>’</span> 
     </span>
     <span class='ocr_line' id='line_1_14' title="bbox 267 1929 1407 2017; baseline -0.004 -19"><span class='ocrx_word' id='word_1_115' title='bbox 267 1997 273 2005; x_wconf 82' lang='grc'><strong><em>,</em></strong></span> <span class='ocrx_word' id='word_1_116' title='bbox 309 1932 368 2017; x_wconf 78' lang='grc' dir='ltr'>την</span> <span class='ocrx_word' id='word_1_117' title='bbox 391 1933 520 2017; x_wconf 78' lang='grc' dir='ltr'><strong><em>ζήτησιν</em></strong></span> <span class='ocrx_word' id='word_1_118' title='bbox 542 1935 654 1998; x_wconf 76' lang='grc' dir='ltr'><strong><em>αὐτῶν.</em></strong></span> <span class='ocrx_word' id='word_1_119' title='bbox 706 1938 857 1998; x_wconf 68' lang='grc' dir='ltr'><strong><em>τοσοῦτον</em></strong></span> <span class='ocrx_word' id='word_1_120' title='bbox 888 1937 923 1998; x_wconf 79' lang='grc' dir='ltr'>δὲ</span> <span class='ocrx_word' id='word_1_121' title='bbox 954 1929 1147 2017; x_wconf 75' lang='grc' dir='ltr'><strong><em>ἠγάπησενδ</em></strong></span> <span class='ocrx_word' id='word_1_122' title='bbox 1168 1931 1244 2007; x_wconf 87' lang='grc' dir='ltr'>λαός</span> <span class='ocrx_word' id='word_1_123' title='bbox 1264 1935 1325 2005; x_wconf 81' lang='grc' dir='ltr'>πᾶς</span> <span class='ocrx_word' id='word_1_124' title='bbox 1345 1932 1407 1995; x_wconf 78' lang='grc' dir='ltr'><strong><em>ου’-</em></strong></span> 
     </span>
     <span class='ocr_line' id='line_1_15' title="bbox 308 2023 1409 2113; baseline -0.004 -15"><span class='ocrx_word' id='word_1_125' title='bbox 308 2032 362 2098; x_wconf 89' lang='grc' dir='ltr'>τὸν</span> <span class='ocrx_word' id='word_1_126' title='bbox 382 2033 436 2097; x_wconf 89' lang='grc' dir='ltr'>τόν</span> <span class='ocrx_word' id='word_1_127' title='bbox 456 2031 528 2097; x_wconf 70' lang='lat' dir='ltr'>vido</span> <span class='ocrx_word' id='word_1_128' title='bbox 560 2031 659 2098; x_wconf 72' lang='lat' dir='ltr'>adreci</span> <span class='ocrx_word' id='word_1_129' title='bbox 689 2032 733 2110; x_wconf 74' lang='grc' dir='ltr'>(ὃς</span> <span class='ocrx_word' id='word_1_130' title='bbox 753 2035 808 2096; x_wconf 84' lang='grc' dir='ltr'><strong><em>καί</em></strong></span> <span class='ocrx_word' id='word_1_131' title='bbox 826 2035 938 2097; x_wconf 90' lang='grc' dir='ltr'><strong><em>παιδία</em></strong></span> <span class='ocrx_word' id='word_1_132' title='bbox 960 2030 1094 2096; x_wconf 75' lang='grc' dir='ltr'><strong><em>ἐλάλουν</em></strong></span> <span class='ocrx_word' id='word_1_133' title='bbox 1119 2030 1154 2096; x_wconf 85' lang='grc' dir='ltr'>τὸ</span> <span class='ocrx_word' id='word_1_134' title='bbox 1186 2023 1284 2113; x_wconf 77' lang='grc' dir='ltr'><strong><em>ὄνομα</em></strong></span> <span class='ocrx_word' id='word_1_135' title='bbox 1300 2031 1409 2113; x_wconf 74' lang='grc' dir='ltr'><strong><em>αὐτοῦ</em></strong></span> 
     </span>
     <span class='ocr_line' id='line_1_16' title="bbox 268 2132 704 2197; baseline 0.016 -6"><span class='ocrx_word' id='word_1_136' title='bbox 268 2143 299 2194; x_wconf 88' lang='grc'>15</span> <span class='ocrx_word' id='word_1_137' title='bbox 309 2132 366 2196; x_wconf 80' lang='grc' dir='ltr'><strong><em>καί</em></strong></span> <span class='ocrx_word' id='word_1_138' title='bbox 386 2136 564 2197; x_wconf 78' lang='grc' dir='ltr'><strong><em>παιδίσκαι.</em></strong></span> <span class='ocrx_word' id='word_1_139' title='bbox 702 2135 704 2138; x_wconf 59' lang='grc'><strong>’</strong></span> 
     </span>
    </p>

    <p class='ocr_par' dir='ltr' id='par_1_3' title="bbox 308 2223 1406 2611">
     <span class='ocr_line' id='line_1_17' title="bbox 400 2223 1404 2312; baseline -0.003 -17"><span class='ocrx_word' id='word_1_140' title='bbox 400 2233 510 2295; x_wconf 74' lang='grc' dir='ltr'><strong><em>Ταῦτα</em></strong></span> <span class='ocrx_word' id='word_1_141' title='bbox 532 2234 567 2296; x_wconf 80' lang='grc' dir='ltr'>δὲ</span> <span class='ocrx_word' id='word_1_142' title='bbox 588 2228 814 2310; x_wconf 78' lang='grc' dir='ltr'><strong><em>ε’νωτισοὶμενος</em></strong></span> <span class='ocrx_word' id='word_1_143' title='bbox 838 2227 854 2293; x_wconf 81' lang='grc' dir='ltr'><em>ὃ</em></span> <span class='ocrx_word' id='word_1_144' title='bbox 874 2230 1014 2296; x_wconf 85' lang='grc' dir='ltr'><strong><em>σουλτδν</em></strong></span> <span class='ocrx_word' id='word_1_145' title='bbox 1038 2228 1253 2312; x_wconf 79' lang='grc' dir='ltr'><strong><em>Κουρκοδτης,</em></strong></span> <span class='ocrx_word' id='word_1_146' title='bbox 1275 2228 1291 2293; x_wconf 83' lang='grc' dir='ltr'>ὁ</span> <span class='ocrx_word' id='word_1_147' title='bbox 1311 2223 1404 2306; x_wconf 76' lang='grc' dir='ltr'><strong><em>ἄλλος</em></strong></span> 
     </span>
     <span class='ocr_line' id='line_1_18' title="bbox 308 2322 1406 2414; baseline 0 -20"><span class='ocrx_word' id='word_1_148' title='bbox 308 2334 371 2394; x_wconf 77' lang='grc' dir='ltr'>τῶν</span> <span class='ocrx_word' id='word_1_149' title='bbox 393 2329 471 2393; x_wconf 78' lang='grc' dir='ltr'><strong><em>υἱῶν</em></strong></span> <span class='ocrx_word' id='word_1_150' title='bbox 492 2332 603 2411; x_wconf 76' lang='grc' dir='ltr'><strong><em>αὑτοῦ,</em></strong></span> <span class='ocrx_word' id='word_1_151' title='bbox 635 2332 670 2393; x_wconf 79' lang='grc' dir='ltr'>ἐκ</span> <span class='ocrx_word' id='word_1_152' title='bbox 692 2332 883 2412; x_wconf 77' lang='grc' dir='ltr'><strong><em>Μαγνησίας</em></strong></span> <span class='ocrx_word' id='word_1_153' title='bbox 910 2322 991 2413; x_wconf 73' lang='grc' dir='ltr'><strong><em>ἦλθε</em></strong></span> <span class='ocrx_word' id='word_1_154' title='bbox 1019 2329 1075 2393; x_wconf 80' lang='grc' dir='ltr'><strong><em>καί</em></strong></span> <span class='ocrx_word' id='word_1_155' title='bbox 1095 2329 1212 2411; x_wconf 76' lang='grc' dir='ltr'><strong><em>εὑρέθη</em></strong></span> <span class='ocrx_word' id='word_1_156' title='bbox 1235 2327 1350 2414; x_wconf 82' lang='grc' dir='ltr'><strong><em>αἴφνης</em></strong></span> <span class='ocrx_word' id='word_1_157' title='bbox 1371 2327 1406 2394; x_wconf 74' lang='grc' dir='ltr'>ἐν</span> 
     </span>
     <span class='ocr_line' id='line_1_19' title="bbox 309 2425 1404 2512; baseline -0.001 -19"><span class='ocrx_word' id='word_1_158' title='bbox 309 2438 377 2502; x_wconf 86' lang='grc' dir='ltr'><strong><em>τοϊς</em></strong></span> <span class='ocrx_word' id='word_1_159' title='bbox 397 2429 545 2511; x_wconf 76' lang='grc' dir='ltr'><strong><em>οἰκήμασι</em></strong></span> <span class='ocrx_word' id='word_1_160' title='bbox 559 2433 621 2493; x_wconf 77' lang='grc' dir='ltr'>τῶν</span> <span class='ocrx_word' id='word_1_161' title='bbox 642 2429 843 2512; x_wconf 78' lang='grc' dir='ltr'><strong><em>γενιτζὰρων,</em></strong></span> <span class='ocrx_word' id='word_1_162' title='bbox 863 2428 899 2493; x_wconf 84' lang='grc' dir='ltr'>δν</span> <span class='ocrx_word' id='word_1_163' title='bbox 920 2429 959 2512; x_wconf 76' lang='grc' dir='ltr'>δη</span> <span class='ocrx_word' id='word_1_164' title='bbox 976 2430 1032 2494; x_wconf 82' lang='grc' dir='ltr'><strong><em>καί</em></strong></span> <span class='ocrx_word' id='word_1_165' title='bbox 1051 2426 1170 2501; x_wconf 84' lang='grc' dir='ltr'><strong><em>ἰδόντες</em></strong></span> <span class='ocrx_word' id='word_1_166' title='bbox 1182 2425 1404 2511; x_wconf 75' lang='grc' dir='ltr'><strong><em>ἐξεπλάγησαν.</em></strong></span> 
     </span>
     <span class='ocr_line' id='line_1_20' title="bbox 309 2526 1405 2611; baseline -0.005 -21"><span class='ocrx_word' id='word_1_167' title='bbox 309 2526 396 2608; x_wconf 79' lang='grc' dir='ltr'><strong><em>ἔλεγε</em></strong></span> <span class='ocrx_word' id='word_1_168' title='bbox 418 2531 453 2592; x_wconf 84' lang='grc' dir='ltr'>δὲ</span> <span class='ocrx_word' id='word_1_169' title='bbox 475 2529 551 2609; x_wconf 88' lang='grc' dir='ltr'><strong><em>πρὸς</em></strong></span> <span class='ocrx_word' id='word_1_170' title='bbox 573 2531 690 2602; x_wconf 80' lang='grc' dir='ltr'><strong><em>ου’τοδς</em></strong></span> <span class='ocrx_word' id='word_1_171' title='bbox 721 2526 769 2592; x_wconf 81' lang='grc' dir='ltr'>δἐι</span> <span class='ocrx_word' id='word_1_172' title='bbox 792 2529 883 2611; x_wconf 73' lang='grc' dir='ltr'><strong><em>ὑμεῖς</em></strong></span> <span class='ocrx_word' id='word_1_173' title='bbox 905 2528 1010 2594; x_wconf 78' lang='grc' dir='ltr'><strong><em>οἴδατε</em></strong></span> <span class='ocrx_word' id='word_1_174' title='bbox 1032 2530 1099 2604; x_wconf 79' lang='grc' dir='ltr'>πῶς</span> <span class='ocrx_word' id='word_1_175' title='bbox 1131 2526 1191 2609; x_wconf 77' lang='grc' dir='ltr'>ἐγώ</span> <span class='ocrx_word' id='word_1_176' title='bbox 1213 2526 1277 2607; x_wconf 74' lang='grc' dir='ltr'>ἔχω</span> <span class='ocrx_word' id='word_1_177' title='bbox 1300 2527 1333 2601; x_wconf 74' lang='grc' dir='ltr'>τὸ</span> <span class='ocrx_word' id='word_1_178' title='bbox 1357 2530 1405 2591; x_wconf 87' lang='grc' dir='ltr'>δί.</span> 
     </span>
    </p>

    <p class='ocr_par' dir='ltr' id='par_1_4' title="bbox 265 2621 1475 2817">
     <span class='ocr_line' id='line_1_21' title="bbox 265 2621 1403 2713; baseline 0 -22"><span class='ocrx_word' id='word_1_179' title='bbox 265 2639 400 2691; x_wconf 69' lang='lat' dir='ltr'>tonsam</span> <span class='ocrx_word' id='word_1_180' title='bbox 422 2630 456 2692; x_wconf 82' lang='grc' dir='ltr'>ἐκ</span> <span class='ocrx_word' id='word_1_181' title='bbox 478 2629 676 2693; x_wconf 77' lang='grc' dir='ltr'><strong><em>πάντωντιῦν</em></strong></span> <span class='ocrx_word' id='word_1_182' title='bbox 699 2621 803 2693; x_wconf 74' lang='grc' dir='ltr'><strong><em>ἄλλων</em></strong></span> <span class='ocrx_word' id='word_1_183' title='bbox 821 2653 884 2711; x_wconf 91' lang='grc' dir='ltr'>μου</span> <span class='ocrx_word' id='word_1_184' title='bbox 908 2631 1066 2713; x_wconf 82' lang='grc' dir='ltr'><strong><em>α’δελφῶν,</em></strong></span> <span class='ocrx_word' id='word_1_185' title='bbox 1088 2624 1138 2692; x_wconf 86' lang='grc' dir='ltr'><strong><em>ὅτι</em></strong></span> <span class='ocrx_word' id='word_1_186' title='bbox 1159 2629 1214 2692; x_wconf 81' lang='grc' dir='ltr'><strong><em>καί</em></strong></span> <span class='ocrx_word' id='word_1_187' title='bbox 1233 2631 1403 2712; x_wconf 78' lang='grc' dir='ltr'><strong><em>ε’καθέστην</em></strong></span> 
     </span>
     <span class='ocr_line' id='line_1_22' title="bbox 308 2719 1475 2817; baseline 0 -26"><span class='ocrx_word' id='word_1_188' title='bbox 308 2731 344 2791; x_wconf 82' lang='grc' dir='ltr'>ἐν</span> <span class='ocrx_word' id='word_1_189' title='bbox 365 2732 409 2814; x_wconf 68' lang='lat' dir='ltr'>aqi</span> <span class='ocrx_word' id='word_1_190' title='bbox 428 2729 534 2817; x_wconf 75' lang='grc' dir='ltr'><strong><em>θρόνηι</em></strong></span> <span class='ocrx_word' id='word_1_191' title='bbox 567 2735 625 2793; x_wconf 80' lang='grc' dir='ltr'>τοῦ</span> <span class='ocrx_word' id='word_1_192' title='bbox 655 2730 784 2793; x_wconf 77' lang='lat' dir='ltr'>adanon</span> <span class='ocrx_word' id='word_1_193' title='bbox 804 2754 868 2810; x_wconf 89' lang='grc' dir='ltr'>μου</span> <span class='ocrx_word' id='word_1_194' title='bbox 891 2724 942 2804; x_wconf 82' lang='grc' dir='ltr'>ὅτε</span> <span class='ocrx_word' id='word_1_195' title='bbox 970 2731 1140 2807; x_wconf 72' lang='grc' dir='ltr'><strong><em>α’πέδανεν,</em></strong></span> <span class='ocrx_word' id='word_1_196' title='bbox 1163 2727 1222 2802; x_wconf 80' lang='grc' dir='ltr'>ἓως</span> <span class='ocrx_word' id='word_1_197' title='bbox 1243 2719 1280 2790; x_wconf 81' lang='grc' dir='ltr'>οὗ</span> <span class='ocrx_word' id='word_1_198' title='bbox 1303 2719 1399 2809; x_wconf 73' lang='grc' dir='ltr'><strong><em>ἢλθεν</em></strong></span> <span class='ocrx_word' id='word_1_199' title='bbox 1469 2719 1475 2727; x_wconf 69' lang='grc'><strong><em>’</em></strong></span> 
     </span>
    </p>
   </div>
   <div class='ocr_carea' id='block_1_3' title="bbox 234 3018 1510 4061">
    <p class='ocr_par' dir='ltr' id='par_1_5' title="bbox 255 3018 1401 3161">
     <span class='ocr_line' id='line_1_23' title="bbox 308 3018 1400 3090; baseline 0.003 -20"><span class='ocrx_word' id='word_1_200' title='bbox 308 3026 376 3071; x_wconf 91' lang='lat' dir='ltr'>runt</span> <span class='ocrx_word' id='word_1_201' title='bbox 397 3018 550 3089; x_wconf 88' lang='lat' dir='ltr'>requirendi</span> <span class='ocrx_word' id='word_1_202' title='bbox 570 3018 701 3086; x_wconf 77' lang='lat' dir='ltr'>Selimae3</span> <span class='ocrx_word' id='word_1_203' title='bbox 720 3036 800 3089; x_wconf 84' lang='lat' dir='ltr'>quem</span> <span class='ocrx_word' id='word_1_204' title='bbox 821 3020 872 3071; x_wconf 83' lang='lat' dir='ltr'>sibi</span> <span class='ocrx_word' id='word_1_205' title='bbox 893 3021 1042 3090; x_wconf 80' lang='lat' dir='ltr'>principem</span> <span class='ocrx_word' id='word_1_206' title='bbox 1061 3020 1237 3088; x_wconf 86' lang='lat' dir='ltr'>praeficerent</span> <span class='ocrx_word' id='word_1_207' title='bbox 1256 3038 1285 3070; x_wconf 88' lang='lat' dir='ltr'>ac</span> <span class='ocrx_word' id='word_1_208' title='bbox 1305 3019 1400 3073; x_wconf 88' lang='lat' dir='ltr'>ducem</span> 
     </span>
     <span class='ocr_line' id='line_1_24' title="bbox 255 3090 1401 3161; baseline 0.002 -20"><span class='ocrx_word' id='word_1_209' title='bbox 255 3141 257 3145; x_wconf 83' lang='grc'><strong><em>,</em></strong></span> <span class='ocrx_word' id='word_1_210' title='bbox 309 3090 496 3158; x_wconf 78' lang='lat' dir='ltr'>expeditionis</span> <span class='ocrx_word' id='word_1_211' title='bbox 528 3091 556 3140; x_wconf 89' lang='lat' dir='ltr'>in</span> <span class='ocrx_word' id='word_1_212' title='bbox 578 3090 734 3154; x_wconf 84' lang='lat' dir='ltr'>Orientem,</span> <span class='ocrx_word' id='word_1_213' title='bbox 761 3099 927 3143; x_wconf 85' lang='lat' dir='ltr'>senectutem</span> <span class='ocrx_word' id='word_1_214' title='bbox 952 3100 1092 3142; x_wconf 79' lang='lat' dir='ltr'>causantes</span> <span class='ocrx_word' id='word_1_215' title='bbox 1117 3093 1184 3159; x_wconf 81' lang='lat' dir='ltr'>regis</span> <span class='ocrx_word' id='word_1_216' title='bbox 1209 3092 1401 3161; x_wconf 74' lang='lat' dir='ltr'>militandique</span> 
     </span>
    </p>

    <p class='ocr_par' dir='ltr' id='par_1_6' title="bbox 307 3162 1402 3444">
     <span class='ocr_line' id='line_1_25' title="bbox 308 3162 1400 3233; baseline 0.002 -22"><span class='ocrx_word' id='word_1_217' title='bbox 308 3163 514 3229; x_wconf 80' lang='lat' dir='ltr'>impotentiam:</span> <span class='ocrx_word' id='word_1_218' title='bbox 534 3177 561 3212; x_wconf 90' lang='lat' dir='ltr'>se</span> <span class='ocrx_word' id='word_1_219' title='bbox 583 3170 672 3213; x_wconf 84' lang='lat' dir='ltr'>autern</span> <span class='ocrx_word' id='word_1_220' title='bbox 692 3162 824 3214; x_wconf 88' lang='lat' dir='ltr'>desiderio</span> <span class='ocrx_word' id='word_1_221' title='bbox 849 3164 994 3215; x_wconf 84' lang='lat' dir='ltr'>militatum</span> <span class='ocrx_word' id='word_1_222' title='bbox 1011 3162 1130 3213; x_wconf 85' lang='lat' dir='ltr'>abeundi</span> <span class='ocrx_word' id='word_1_223' title='bbox 1155 3163 1330 3233; x_wconf 84' lang='lat' dir='ltr'>bellandique</span> <span class='ocrx_word' id='word_1_224' title='bbox 1351 3164 1400 3213; x_wconf 87' lang='lat' dir='ltr'>fla-</span> 
     </span>
     <span class='ocr_line' id='line_1_26' title="bbox 307 3232 1401 3303; baseline 0.004 -22"><span class='ocrx_word' id='word_1_225' title='bbox 307 3249 393 3299; x_wconf 80' lang='lat' dir='ltr'>grare.</span> <span class='ocrx_word' id='word_1_226' title='bbox 430 3232 540 3283; x_wconf 78' lang='lat' dir='ltr'>“sedeat</span> <span class='ocrx_word' id='word_1_227' title='bbox 559 3234 637 3300; x_wconf 70' lang='lat' dir='ltr'>ergu&#39;</span> <span class='ocrx_word' id='word_1_228' title='bbox 656 3234 785 3301; x_wconf 87' lang='lat' dir='ltr'>inquiunt</span> <span class='ocrx_word' id='word_1_229' title='bbox 803 3234 949 3303; x_wconf 82' lang='lat' dir='ltr'>“pacificus</span> <span class='ocrx_word' id='word_1_230' title='bbox 967 3250 1049 3284; x_wconf 79' lang='lat' dir='ltr'>senex</span> <span class='ocrx_word' id='word_1_231' title='bbox 1071 3234 1165 3301; x_wconf 87' lang='lat' dir='ltr'>Cpoli:</span> <span class='ocrx_word' id='word_1_232' title='bbox 1187 3235 1269 3284; x_wconf 87' lang='lat' dir='ltr'>sortes</span> <span class='ocrx_word' id='word_1_233' title='bbox 1291 3237 1401 3285; x_wconf 85' lang='lat' dir='ltr'>iuvenes</span> 
     </span>
     <span class='ocr_line' id='line_1_27' title="bbox 308 3302 1401 3373; baseline 0.002 -20"><span class='ocrx_word' id='word_1_234' title='bbox 308 3320 369 3353; x_wconf 88' lang='lat' dir='ltr'>curn</span> <span class='ocrx_word' id='word_1_235' title='bbox 389 3302 454 3353; x_wconf 84' lang='lat' dir='ltr'>sorti</span> <span class='ocrx_word' id='word_1_236' title='bbox 482 3304 579 3353; x_wconf 82' lang='lat' dir='ltr'>iuvene</span> <span class='ocrx_word' id='word_1_237' title='bbox 606 3305 633 3353; x_wconf 89' lang='lat' dir='ltr'>in</span> <span class='ocrx_word' id='word_1_238' title='bbox 653 3304 853 3373; x_wconf 80' lang='lat' dir='ltr'>expeditionem</span> <span class='ocrx_word' id='word_1_239' title='bbox 883 3305 1094 3372; x_wconf 85' lang='lat' dir='ltr'>proficiscantur.</span> <span class='ocrx_word' id='word_1_240' title='bbox 1141 3305 1266 3354; x_wconf 88' lang='lat' dir='ltr'>nolumus</span> <span class='ocrx_word' id='word_1_241' title='bbox 1289 3323 1339 3355; x_wconf 88' lang='lat' dir='ltr'>nos</span> <span class='ocrx_word' id='word_1_242' title='bbox 1358 3322 1401 3355; x_wconf 86' lang='lat' dir='ltr'>se·</span> 
     </span>
     <span class='ocr_line' id='line_1_28' title="bbox 308 3373 1402 3444; baseline 0.002 -21"><span class='ocrx_word' id='word_1_243' title='bbox 308 3374 401 3426; x_wconf 87' lang='lat' dir='ltr'>dendo</span> <span class='ocrx_word' id='word_1_244' title='bbox 420 3373 465 3423; x_wconf 80' lang='lat' dir='ltr'>laic</span> <span class='ocrx_word' id='word_1_245' title='bbox 477 3383 582 3441; x_wconf 88' lang='lat' dir='ltr'>tempus</span> <span class='ocrx_word' id='word_1_246' title='bbox 601 3382 707 3425; x_wconf 85' lang='lat' dir='ltr'>terere:</span> <span class='ocrx_word' id='word_1_247' title='bbox 726 3376 798 3425; x_wconf 88' lang='lat' dir='ltr'>bella</span> <span class='ocrx_word' id='word_1_248' title='bbox 817 3378 1101 3444; x_wconf 77' lang='lat' dir='ltr'>quaerimus‚‘lucrum</span> <span class='ocrx_word' id='word_1_249' title='bbox 1120 3376 1297 3443; x_wconf 86' lang='lat' dir='ltr'>appetimus.&#39;’</span> <span class='ocrx_word' id='word_1_250' title='bbox 1334 3374 1402 3425; x_wconf 84' lang='lat' dir='ltr'>haec</span> 
     </span>
    </p>

    <p class='ocr_par' dir='ltr' id='par_1_7' title="bbox 234 3444 1510 4061">
     <span class='ocr_line' id='line_1_29' title="bbox 234 3444 1401 3514; baseline 0.001 -20"><span class='ocrx_word' id='word_1_251' title='bbox 234 3448 237 3455; x_wconf 78' lang='grc'>’</span> <span class='ocrx_word' id='word_1_252' title='bbox 308 3446 343 3494; x_wconf 84' lang='lat' dir='ltr'>ad</span> <span class='ocrx_word' id='word_1_253' title='bbox 364 3446 550 3512; x_wconf 81' lang='lat' dir='ltr'>imperatorem</span> <span class='ocrx_word' id='word_1_254' title='bbox 571 3444 738 3509; x_wconf 77' lang='lat' dir='ltr'>referebant:</span> <span class='ocrx_word' id='word_1_255' title='bbox 757 3444 843 3496; x_wconf 84' lang='lat' dir='ltr'>“hanc</span> <span class='ocrx_word' id='word_1_256' title='bbox 861 3464 910 3497; x_wconf 86' lang='lat' dir='ltr'>nos</span> <span class='ocrx_word' id='word_1_257' title='bbox 937 3447 1004 3495; x_wconf 87' lang='lat' dir='ltr'>servi</span> <span class='ocrx_word' id='word_1_258' title='bbox 1023 3447 1063 3496; x_wconf 90' lang='lat' dir='ltr'>tui</span> <span class='ocrx_word' id='word_1_259' title='bbox 1080 3447 1292 3514; x_wconf 86' lang='lat' dir='ltr'>postulationem</span> <span class='ocrx_word' id='word_1_260' title='bbox 1310 3448 1401 3495; x_wconf 82' lang='lat' dir='ltr'>alleri·</span> 
     </span>
     <span class='ocr_line' id='line_1_30' title="bbox 308 3514 1423 3584; baseline 0 -19"><span class='ocrx_word' id='word_1_261' title='bbox 308 3532 379 3575; x_wconf 88' lang='lat' dir='ltr'>mus,</span> <span class='ocrx_word' id='word_1_262' title='bbox 402 3524 429 3564; x_wconf 86' lang='lat' dir='ltr'>et</span> <span class='ocrx_word' id='word_1_263' title='bbox 446 3518 516 3565; x_wconf 87' lang='lat' dir='ltr'>serio</span> <span class='ocrx_word' id='word_1_264' title='bbox 535 3514 708 3581; x_wconf 82' lang='lat' dir='ltr'>llagitamus.&#39;&#39;</span> <span class='ocrx_word' id='word_1_265' title='bbox 746 3532 791 3565; x_wconf 78' lang='lat' dir='ltr'>rex</span> <span class='ocrx_word' id='word_1_266' title='bbox 810 3524 869 3565; x_wconf 90' lang='lat' dir='ltr'>cum</span> <span class='ocrx_word' id='word_1_267' title='bbox 890 3516 1017 3579; x_wconf 83' lang='lat' dir='ltr'>audisset,</span> <span class='ocrx_word' id='word_1_268' title='bbox 1036 3518 1149 3584; x_wconf 83' lang='lat' dir='ltr'>graviter</span> <span class='ocrx_word' id='word_1_269' title='bbox 1169 3518 1238 3565; x_wconf 86' lang='lat' dir='ltr'>ferre</span> <span class='ocrx_word' id='word_1_270' title='bbox 1257 3533 1307 3565; x_wconf 91' lang='lat' dir='ltr'>nec</span> <span class='ocrx_word' id='word_1_271' title='bbox 1327 3515 1423 3565; x_wconf 83' lang='lat' dir='ltr'>indi-·</span> 
     </span>
     <span class='ocr_line' id='line_1_31' title="bbox 309 3586 1400 3653; baseline -0.001 -17"><span class='ocrx_word' id='word_1_272' title='bbox 309 3589 466 3653; x_wconf 83' lang='lat' dir='ltr'>gnationern</span> <span class='ocrx_word' id='word_1_273' title='bbox 485 3586 610 3637; x_wconf 86' lang='lat' dir='ltr'>adversus</span> <span class='ocrx_word' id='word_1_274' title='bbox 630 3602 675 3636; x_wconf 89' lang='lat' dir='ltr'>eos</span> <span class='ocrx_word' id='word_1_275' title='bbox 696 3586 873 3638; x_wconf 83' lang='lat' dir='ltr'>dissimulare.</span> <span class='ocrx_word' id='word_1_276' title='bbox 895 3588 939 3638; x_wconf 91' lang='lat' dir='ltr'>illi</span> <span class='ocrx_word' id='word_1_277' title='bbox 958 3596 1062 3649; x_wconf 86' lang='lat' dir='ltr'>contra,</span> <span class='ocrx_word' id='word_1_278' title='bbox 1081 3604 1140 3637; x_wconf 87' lang='lat' dir='ltr'>cum</span> <span class='ocrx_word' id='word_1_279' title='bbox 1162 3587 1237 3636; x_wconf 87' lang='lat' dir='ltr'>renui</span> <span class='ocrx_word' id='word_1_280' title='bbox 1257 3604 1329 3636; x_wconf 85' lang='lat' dir='ltr'>suam</span> <span class='ocrx_word' id='word_1_281' title='bbox 1348 3603 1400 3653; x_wconf 94' lang='lat' dir='ltr'>pe-</span> 
     </span>
     <span class='ocr_line' id='line_1_32' title="bbox 308 3657 1399 3725; baseline 0 -18"><span class='ocrx_word' id='word_1_282' title='bbox 308 3659 436 3707; x_wconf 82' lang='lat' dir='ltr'>titionem</span> <span class='ocrx_word' id='word_1_283' title='bbox 455 3672 538 3725; x_wconf 91' lang='lat' dir='ltr'>seque</span> <span class='ocrx_word' id='word_1_284' title='bbox 559 3658 692 3725; x_wconf 82' lang='lat' dir='ltr'>repulsam</span> <span class='ocrx_word' id='word_1_285' title='bbox 703 3658 776 3708; x_wconf 85' lang='lat' dir='ltr'>¹serre</span> <span class='ocrx_word' id='word_1_286' title='bbox 790 3657 920 3720; x_wconf 85' lang='lat' dir='ltr'>viderent,</span> <span class='ocrx_word' id='word_1_287' title='bbox 941 3667 1087 3708; x_wconf 87' lang='lat' dir='ltr'>convocato</span> <span class='ocrx_word' id='word_1_288' title='bbox 1106 3657 1221 3707; x_wconf 81' lang='lat' dir='ltr'>concilio</span> <span class='ocrx_word' id='word_1_289' title='bbox 1236 3658 1399 3707; x_wconf 80' lang='lat' dir='ltr'>seditionem</span> 
     </span>
     <span class='ocr_line' id='line_1_33' title="bbox 308 3726 1398 3797; baseline -0.002 -20"><span class='ocrx_word' id='word_1_290' title='bbox 308 3728 477 3792; x_wconf 73' lang='lat' dir='ltr'>excitarunt3</span> <span class='ocrx_word' id='word_1_291' title='bbox 499 3728 696 3797; x_wconf 86' lang='lat' dir='ltr'>volueruntque</span> <span class='ocrx_word' id='word_1_292' title='bbox 715 3729 883 3779; x_wconf 86' lang='lat' dir='ltr'>consiliarios</span> <span class='ocrx_word' id='word_1_293' title='bbox 902 3746 933 3777; x_wconf 87' lang='lat' dir='ltr'>ac</span> <span class='ocrx_word' id='word_1_294' title='bbox 947 3744 1072 3797; x_wconf 81' lang='lat' dir='ltr'>proceret</span> <span class='ocrx_word' id='word_1_295' title='bbox 1088 3728 1238 3777; x_wconf 85' lang='lat' dir='ltr'>interlicere</span> <span class='ocrx_word' id='word_1_296' title='bbox 1258 3735 1286 3778; x_wconf 89' lang='lat' dir='ltr'>et</span> <span class='ocrx_word' id='word_1_297' title='bbox 1304 3726 1398 3776; x_wconf 89' lang='lat' dir='ltr'>urbem</span> 
     </span>
     <span class='ocr_line' id='line_1_34' title="bbox 307 3797 1510 3868; baseline 0.002 -21"><span class='ocrx_word' id='word_1_298' title='bbox 307 3798 467 3866; x_wconf 89' lang='lat' dir='ltr'>praedando</span> <span class='ocrx_word' id='word_1_299' title='bbox 485 3814 647 3866; x_wconf 86' lang='lat' dir='ltr'>percursare.</span> <span class='ocrx_word' id='word_1_300' title='bbox 694 3816 739 3849; x_wconf 80' lang='lat' dir='ltr'>rex</span> <span class='ocrx_word' id='word_1_301' title='bbox 764 3800 960 3868; x_wconf 84' lang='lat' dir='ltr'>importunitati</span> <span class='ocrx_word' id='word_1_302' title='bbox 984 3800 1091 3849; x_wconf 90' lang='lat' dir='ltr'>illorum</span> <span class='ocrx_word' id='word_1_303' title='bbox 1116 3814 1175 3848; x_wconf 91' lang='lat' dir='ltr'>cum</span> <span class='ocrx_word' id='word_1_304' title='bbox 1194 3797 1323 3849; x_wconf 84' lang='lat' dir='ltr'>obsistere</span> <span class='ocrx_word' id='word_1_305' title='bbox 1342 3815 1398 3849; x_wconf 87' lang='lat' dir='ltr'>nou</span> <span class='ocrx_word' id='word_1_306' title='bbox 1508 3858 1510 3862; x_wconf 15' lang='lat' dir='ltr'>y</span> 
     </span>
     <span class='ocr_line' id='line_1_35' title="bbox 306 3868 1465 3937; baseline -0.003 -19"><span class='ocrx_word' id='word_1_307' title='bbox 306 3878 412 3937; x_wconf 83' lang='lat' dir='ltr'>posset,</span> <span class='ocrx_word' id='word_1_308' title='bbox 431 3868 532 3918; x_wconf 82' lang='lat' dir='ltr'>invitus</span> <span class='ocrx_word' id='word_1_309' title='bbox 558 3871 696 3919; x_wconf 84' lang='lat' dir='ltr'>voluntate</span> <span class='ocrx_word' id='word_1_310' title='bbox 715 3887 807 3920; x_wconf 89' lang='lat' dir='ltr'>eorum</span> <span class='ocrx_word' id='word_1_311' title='bbox 827 3871 969 3937; x_wconf 85' lang='lat' dir='ltr'>acquievit.</span> <span class='ocrx_word' id='word_1_312' title='bbox 1015 3877 1090 3920; x_wconf 86' lang='lat' dir='ltr'>tanto</span> <span class='ocrx_word' id='word_1_313' title='bbox 1112 3877 1200 3918; x_wconf 87' lang='lat' dir='ltr'>autem</span> <span class='ocrx_word' id='word_1_314' title='bbox 1222 3885 1312 3919; x_wconf 82' lang='lat' dir='ltr'>aurore</span> <span class='ocrx_word' id='word_1_315' title='bbox 1329 3886 1397 3917; x_wconf 89' lang='lat' dir='ltr'>cun-</span> <span class='ocrx_word' id='word_1_316' title='bbox 1459 3911 1465 3922; x_wconf 38' lang='lat'><em>2</em></span> 
     </span>
     <span class='ocr_line' id='line_1_36' title="bbox 308 3937 1395 4008; baseline 0 -20"><span class='ocrx_word' id='word_1_317' title='bbox 308 3948 372 3989; x_wconf 82' lang='lat' dir='ltr'>ctus</span> <span class='ocrx_word' id='word_1_318' title='bbox 386 3939 504 4008; x_wconf 88' lang='lat' dir='ltr'>populns</span> <span class='ocrx_word' id='word_1_319' title='bbox 521 3937 592 3989; x_wconf 88' lang='lat' dir='ltr'>hunc</span> <span class='ocrx_word' id='word_1_320' title='bbox 611 3940 697 3989; x_wconf 89' lang='lat' dir='ltr'>filium</span> <span class='ocrx_word' id='word_1_321' title='bbox 723 3942 780 3991; x_wconf 86' lang='lat' dir='ltr'>eius</span> <span class='ocrx_word' id='word_1_322' title='bbox 805 3949 961 4008; x_wconf 85' lang='lat' dir='ltr'>prosecutus</span> <span class='ocrx_word' id='word_1_323' title='bbox 979 3949 1036 4001; x_wconf 85' lang='lat' dir='ltr'>est,</span> <span class='ocrx_word' id='word_1_324' title='bbox 1057 3940 1134 3990; x_wconf 82' lang='lat' dir='ltr'>utin</span> <span class='ocrx_word' id='word_1_325' title='bbox 1149 3954 1294 4006; x_wconf 88' lang='lat' dir='ltr'>puerorum</span> <span class='ocrx_word' id='word_1_326' title='bbox 1314 3940 1395 3991; x_wconf 87' lang='lat' dir='ltr'>etiarn</span> 
     </span>
     <span class='ocr_line' id='line_1_37' title="bbox 307 4011 992 4061; baseline 0 -2"><span class='ocrx_word' id='word_1_327' title='bbox 307 4026 356 4059; x_wconf 90' lang='lat' dir='ltr'>ore</span> <span class='ocrx_word' id='word_1_328' title='bbox 375 4018 402 4061; x_wconf 90' lang='lat' dir='ltr'>et</span> <span class='ocrx_word' id='word_1_329' title='bbox 422 4011 579 4059; x_wconf 86' lang='lat' dir='ltr'>ancillarum</span> <span class='ocrx_word' id='word_1_330' title='bbox 602 4013 776 4061; x_wconf 76' lang='lat' dir='ltr'>nomenoius</span> <span class='ocrx_word' id='word_1_331' title='bbox 796 4020 929 4061; x_wconf 84' lang='lat' dir='ltr'>versatum</span> <span class='ocrx_word' id='word_1_332' title='bbox 949 4012 992 4059; x_wconf 82' lang='lat' dir='ltr'>sit.</span> 
     </span>
    </p>
   </div>
   <div class='ocr_carea' id='block_1_4' title="bbox 307 4098 1421 4531">
    <p class='ocr_par' dir='ltr' id='par_1_8' title="bbox 307 4098 1421 4531">
     <span class='ocr_line' id='line_1_38' title="bbox 380 4098 1421 4174; baseline 0 -19"><span class='ocrx_word' id='word_1_333' title='bbox 380 4107 427 4156; x_wconf 89' lang='lat' dir='ltr'>llis</span> <span class='ocrx_word' id='word_1_334' title='bbox 446 4105 480 4156; x_wconf 91' lang='lat' dir='ltr'>ad</span> <span class='ocrx_word' id='word_1_335' title='bbox 499 4122 576 4156; x_wconf 85' lang='lat' dir='ltr'>aures</span> <span class='ocrx_word' id='word_1_336' title='bbox 591 4098 592 4105; x_wconf 11' lang='grc' dir='ltr'>ἵ</span> <span class='ocrx_word' id='word_1_337' title='bbox 607 4108 674 4157; x_wconf 88' lang='lat' dir='ltr'>alius</span> <span class='ocrx_word' id='word_1_338' title='bbox 693 4108 742 4157; x_wconf 88' lang='lat' dir='ltr'>filii</span> <span class='ocrx_word' id='word_1_339' title='bbox 761 4109 832 4168; x_wconf 88' lang='lat' dir='ltr'>eius,</span> <span class='ocrx_word' id='word_1_340' title='bbox 851 4108 894 4157; x_wconf 87' lang='lat' dir='ltr'>cui</span> <span class='ocrx_word' id='word_1_341' title='bbox 914 4107 1045 4157; x_wconf 91' lang='lat' dir='ltr'>Curcutae</span> <span class='ocrx_word' id='word_1_342' title='bbox 1073 4123 1171 4157; x_wconf 88' lang='lat' dir='ltr'>nomen</span> <span class='ocrx_word' id='word_1_343' title='bbox 1191 4114 1256 4166; x_wconf 85' lang='lat' dir='ltr'>erat,</span> <span class='ocrx_word' id='word_1_344' title='bbox 1275 4107 1395 4174; x_wconf 82' lang='lat' dir='ltr'>perlatis,</span> <span class='ocrx_word' id='word_1_345' title='bbox 1415 4106 1421 4115; x_wconf 62' lang='lat'><strong>⁹</strong></span> 
     </span>
     <span class='ocr_line' id='line_1_39' title="bbox 307 4177 1396 4246; baseline 0.002 -20"><span class='ocrx_word' id='word_1_346' title='bbox 307 4177 447 4242; x_wconf 80' lang='lat' dir='ltr'>Magnesia</span> <span class='ocrx_word' id='word_1_347' title='bbox 468 4178 490 4228; x_wconf 90' lang='lat' dir='ltr'>is</span> <span class='ocrx_word' id='word_1_348' title='bbox 508 4193 625 4244; x_wconf 84' lang='lat' dir='ltr'>egressus</span> <span class='ocrx_word' id='word_1_349' title='bbox 646 4186 704 4240; x_wconf 87' lang='lat' dir='ltr'>est,</span> <span class='ocrx_word' id='word_1_350' title='bbox 724 4196 754 4229; x_wconf 89' lang='lat' dir='ltr'>ac</span> <span class='ocrx_word' id='word_1_351' title='bbox 779 4186 884 4246; x_wconf 86' lang='lat' dir='ltr'>praeter</span> <span class='ocrx_word' id='word_1_352' title='bbox 905 4194 979 4245; x_wconf 85' lang='lat' dir='ltr'>spem</span> <span class='ocrx_word' id='word_1_353' title='bbox 1004 4177 1140 4228; x_wconf 89' lang='lat' dir='ltr'>domicilia</span> <span class='ocrx_word' id='word_1_354' title='bbox 1159 4178 1334 4227; x_wconf 85' lang='lat' dir='ltr'>ianizarorum</span> <span class='ocrx_word' id='word_1_355' title='bbox 1353 4181 1396 4229; x_wconf 90' lang='lat' dir='ltr'>iu-</span> 
     </span>
     <span class='ocr_line' id='line_1_40' title="bbox 307 4246 1397 4317; baseline 0.002 -20"><span class='ocrx_word' id='word_1_356' title='bbox 307 4248 406 4309; x_wconf 75' lang='lat' dir='ltr'>travit3</span> <span class='ocrx_word' id='word_1_357' title='bbox 427 4248 473 4315; x_wconf 87' lang='lat' dir='ltr'>qui</span> <span class='ocrx_word' id='word_1_358' title='bbox 495 4248 636 4317; x_wconf 86' lang='lat' dir='ltr'>repentino</span> <span class='ocrx_word' id='word_1_359' title='bbox 656 4246 713 4299; x_wconf 85' lang='lat' dir='ltr'>eius</span> <span class='ocrx_word' id='word_1_360' title='bbox 733 4257 840 4317; x_wconf 80' lang='lat' dir='ltr'>aspectu</span> <span class='ocrx_word' id='word_1_361' title='bbox 860 4248 1066 4316; x_wconf 85' lang='lat' dir='ltr'>obstupuerunt.</span> <span class='ocrx_word' id='word_1_362' title='bbox 1103 4248 1163 4299; x_wconf 85' lang='lat' dir='ltr'>iniit</span> <span class='ocrx_word' id='word_1_363' title='bbox 1181 4248 1226 4298; x_wconf 91' lang='lat' dir='ltr'>hic</span> <span class='ocrx_word' id='word_1_364' title='bbox 1250 4250 1297 4299; x_wconf 85' lang='lat' dir='ltr'>eis.</span> <span class='ocrx_word' id='word_1_365' title='bbox 1326 4256 1397 4299; x_wconf 92' lang='lat' dir='ltr'>“no-</span> 
     </span>
     <span class='ocr_line' id='line_1_41' title="bbox 307 4317 1395 4438; baseline 0.002 -72"><span class='ocrx_word' id='word_1_366' title='bbox 307 4324 364 4366; x_wconf 87' lang='lat' dir='ltr'>tum</span> <span class='ocrx_word' id='word_1_367' title='bbox 384 4326 425 4367; x_wconf 84' lang='lat' dir='ltr'>est</span> <span class='ocrx_word' id='word_1_368' title='bbox 442 4317 520 4368; x_wconf 84' lang='lat' dir='ltr'>vobis</span> <span class='ocrx_word' id='word_1_369' title='bbox 542 4318 608 4438; x_wconf 86' lang='lat' dir='ltr'>quid</span> <span class='ocrx_word' id='word_1_370' title='bbox 636 4321 700 4383; x_wconf 81' lang='lat' dir='ltr'>iuris</span> <span class='ocrx_word' id='word_1_371' title='bbox 720 4338 787 4386; x_wconf 77' lang='lat' dir='ltr'>ego,</span> <span class='ocrx_word' id='word_1_372' title='bbox 812 4327 941 4387; x_wconf 82' lang='lat' dir='ltr'>quantum</span> <span class='ocrx_word' id='word_1_373' title='bbox 960 4321 1160 4386; x_wconf 81' lang='lat' dir='ltr'>praerogativae</span> <span class='ocrx_word' id='word_1_374' title='bbox 1186 4337 1250 4388; x_wconf 84' lang='lat' dir='ltr'>prae</span> <span class='ocrx_word' id='word_1_375' title='bbox 1270 4320 1395 4389; x_wconf 81' lang='lat' dir='ltr'>omnibns</span> 
     </span>
     <span class='ocr_line' id='line_1_42' title="bbox 307 4388 1395 4459; baseline 0.002 -22"><span class='ocrx_word' id='word_1_376' title='bbox 307 4389 374 4437; x_wconf 85' lang='lat' dir='ltr'>meis</span> <span class='ocrx_word' id='word_1_377' title='bbox 394 4388 521 4439; x_wconf 83' lang='lat' dir='ltr'>fratribus</span> <span class='ocrx_word' id='word_1_378' title='bbox 559 4390 673 4440; x_wconf 79' lang='lat' dir='ltr'>rubeam.</span> <span class='ocrx_word' id='word_1_379' title='bbox 718 4391 773 4441; x_wconf 86' lang='lat' dir='ltr'>sedi</span> <span class='ocrx_word' id='word_1_380' title='bbox 795 4388 920 4457; x_wconf 90' lang='lat' dir='ltr'>equidem</span> <span class='ocrx_word' id='word_1_381' title='bbox 950 4391 977 4439; x_wconf 90' lang='lat' dir='ltr'>in</span> <span class='ocrx_word' id='word_1_382' title='bbox 1006 4389 1074 4440; x_wconf 83' lang='lat' dir='ltr'>solio</span> <span class='ocrx_word' id='word_1_383' title='bbox 1103 4391 1231 4452; x_wconf 85' lang='lat' dir='ltr'>uvimei,</span> <span class='ocrx_word' id='word_1_384' title='bbox 1254 4400 1395 4459; x_wconf 87' lang='lat' dir='ltr'>postquam</span> 
     </span>
     <span class='ocr_line' id='line_1_43' title="bbox 308 4460 1395 4531; baseline 0.002 -25"><span class='ocrx_word' id='word_1_385' title='bbox 308 4467 429 4509; x_wconf 88' lang='lat' dir='ltr'>mortuus</span> <span class='ocrx_word' id='word_1_386' title='bbox 448 4468 519 4520; x_wconf 89' lang='lat' dir='ltr'>erat,</span> <span class='ocrx_word' id='word_1_387' title='bbox 546 4460 632 4513; x_wconf 85' lang='lat' dir='ltr'>donce</span> <span class='ocrx_word' id='word_1_388' title='bbox 661 4470 738 4529; x_wconf 83' lang='lat' dir='ltr'>pater</span> <span class='ocrx_word' id='word_1_389' title='bbox 763 4478 837 4512; x_wconf 72' lang='lat' dir='ltr'>riscus</span> <span class='ocrx_word' id='word_1_390' title='bbox 864 4462 892 4510; x_wconf 90' lang='lat' dir='ltr'>in</span> <span class='ocrx_word' id='word_1_391' title='bbox 912 4460 1004 4512; x_wconf 86' lang='lat' dir='ltr'>urbem</span> <span class='ocrx_word' id='word_1_392' title='bbox 1027 4463 1140 4515; x_wconf 86' lang='lat' dir='ltr'>veniret.</span> <span class='ocrx_word' id='word_1_393' title='bbox 1177 4463 1302 4531; x_wconf 86' lang='lat' dir='ltr'>quocirca</span> <span class='ocrx_word' id='word_1_394' title='bbox 1321 4476 1395 4529; x_wconf 85' lang='lat' dir='ltr'>spem</span> 
     </span>
    </p>
   </div>
   <div class='ocr_carea' id='block_1_5' title="bbox 373 4568 1195 4638">
    <p class='ocr_par' dir='ltr' id='par_1_9' title="bbox 373 4568 1195 4638">
     <span class='ocr_line' id='line_1_44' title="bbox 373 4568 1195 4638; baseline -0.005 -20"><span class='ocrx_word' id='word_1_395' title='bbox 373 4568 438 4620; x_wconf 73' lang='lat' dir='ltr'>rrae,</span> <span class='ocrx_word' id='word_1_396' title='bbox 455 4568 506 4638; x_wconf 76' lang='grc' dir='ltr'><strong><em>με</em></strong></span> <span class='ocrx_word' id='word_1_397' title='bbox 529 4569 577 4621; x_wconf 79' lang='lat' dir='ltr'>cr.</span> <span class='ocrx_word' id='word_1_398' title='bbox 780 4600 785 4613; x_wconf 67' lang='grc'><strong><em>,</em></strong></span> <span class='ocrx_word' id='word_1_399' title='bbox 896 4609 897 4614; x_wconf 72' lang='grc'><strong><em>,</em></strong></span> <span class='ocrx_word' id='word_1_400' title='bbox 1096 4584 1099 4590; x_wconf 76' lang='lat'><em>,</em></span> <span class='ocrx_word' id='word_1_401' title='bbox 1180 4572 1195 4620; x_wconf 77' lang='lat'><strong>5</strong></span> 
     </span>
    </p>
   </div>
   <div class='ocr_carea' id='block_1_6' title="bbox 0 0 1859 5350">
    <p class='ocr_par' dir='ltr' id='par_1_10' title="bbox 0 0 1859 5350">
     <span class='ocr_line' id='line_1_45' title="bbox 0 0 1859 5350; baseline 0 0"><span class='ocrx_word' id='word_1_402' title='bbox 0 0 1859 5350; x_wconf 95' lang='lat' dir='ltr'> </span> 
     </span>
    </p>
   </div>
  </div>
 </body>
</html>
