3692 5350
710 567 1026 660 isauriae-urus.
1299 593 1390 661 ιιι
1452 570 1454 573 ’

294 753 488 847 φοντιζ,’ὥς
518 757 580 820 α’πό
602 751 727 838 μέρονςἸ
747 752 821 821 ὅλου
854 763 911 822 τοῦ
933 764 1025 853 λαρῦ,
1059 757 1106 824 ὅτι
1126 766 1236 827 τοῦτον
1258 769 1391 843 θέλομεν
1418 814 1426 819 -

293 859 517 942 πατριαρχην,
539 856 594 919 τὸν
625 856 715 939 κύριν
736 857 913 923 Διονύσιον.
958 859 1013 923 nat
1037 864 1095 948 μιᾷ
1115 860 1218 950 ἦμέρρι
1237 863 1391 945 ὑπῆγενὸ
1467 933 1471 940 ι

293 957 445 1040 βασιλεύς
469 954 521 1018 διὰ
543 954 707 1040 θαλάσσης
730 959 774 1030 εἷς
793 958 828 1019 τὸ
851 961 1131 1042 καμηλογέφυρον·
1174 966 1229 1025 καί
1247 961 1290 1036 cic
1309 962 1391 1042 ἔμαν
1462 989 1466 1005 ’

251 1135 259 1145 ῃ
295 1062 361 1119 θαν
385 1058 475 1118 τοῦτο
498 1051 526 1116 οἱ
548 1057 749 1135 Χριστιανοέ,
773 1053 916 1172 6696666
937 1046 1011 1136 έκιῖ,
1033 1055 1190 1133 βαοτόντα
1211 1059 1264 1122 τόν
1285 1058 1393 1143 (tondi,
1450 1055 1453 1058 ⁴

268 1153 350 1224 5καί
370 1151 442 1274 έτζρ
476 1151 715 1234 ἑπροοκιὲνησαν
746 1154 801 1216 καί
816 1152 876 1247 τὸν
907 1151 1040 1218 ἔδωκαν.
1068 1155 1097 1218 6
1122 1159 1157 1218 δέ
1176 1157 1373 1237 βασιλεύς“
1350 1185 1393 1232 ως

295 1246 395 1336 ηλθεν
411 1275 455 1324 εις
477 1253 513 1313 τὸ
545 1253 700 1332 σαράγιον
734 1256 835 1316 αὐτοῦ
865 1257 1021 1336 α’νέγνωοέ
1041 1257 1094 1317 τὸν
1123 1255 1237 1337 ῥοκᾶν,
1260 1261 1315 1321 καί
1335 1263 1397 1340 τῆς

294 1350 382 1434 α’έρας
406 1350 584 1432 ἔκραξεπόν
604 1351 870 1429 Ῥουσταπασιιῖν,
890 1380 943 1417 και
940 1354 1057 1417 πολλα
1082 1355 1135 1418 τὸν
1160 1355 1293 1420 ὄνειδιοε
1318 1362 1393 1439 περὶ

293 1451 418 1513 τούτου.
462 1453 549 1522 τέλος
570 1454 626 1513 τοῦ
646 1445 714 1513 εἶπε
735 1455 816 1514 κατὰ
843 1452 1004 1536 α’πὸφασιν
1028 1454 1086 1518 “voi
1109 1447 1191 1536 γένει
1210 1454 1245 1519 τὸ
1267 1459 1391 1540 θέλημα

294 1553 351 1612 ποῦ
374 1550 454 1610 λαοῦ
474 1551 567 1627 μου.”
608 1553 663 1612 καί
683 1546 698 1610 6
722 1553 840 1624 πασιιὶς
859 1550 903 1630 μή
927 1549 1021 1632 ἔχων,
1042 1553 1074 1614 τί
1094 1551 1131 1614 voi
1146 1553 1230 1639 κάμῃ
1253 1554 1315 1616 οἷπὸ
1337 1553 1392 1616 ι’ὀν

252 1665 286 1716 10
298 1646 402 1732 φόβον
424 1649 481 1709 τοῦ
501 1651 673 1727 βασιλέως,
697 1644 818 1726 έπεμψε
849 1648 986 1731 ιζοιοιίοη
1009 1651 1065 1712 nai
1083 1653 1181 1733 ἐπῆρε
1202 1648 1258 1714 τὸν
1276 1657 1405 1733 'simper

295 1748 406 1864 ἀρχήν·
419 1747 480 1808 α’πὸ
503 1746 556 1810 τὸν
569 1749 728 1823 Γαλατᾶν,
754 1747 833 1809 ὁποῠ
854 1743 1033 1827 εὖρέοκετον
1053 1753 1122 1812 ἐκεῖ
1137 1752 1316 1831 διωγμένος,
1339 1754 1394 1813 καί

293 1845 348 1910 τὸν
367 1842 483 1932 ἧφερεν
502 1849 547 1921 εἰς
565 1842 599 1909 ro·
619 1852 866 1928 πατριαρχεῖον,
889 1845 944 1909 aui
966 1845 1115 1911 ἐκάθισεν
1135 1851 1180 1922 εἰς
1199 1846 1255 1911 τὸν
1275 1848 1392 1932 θρόνον

293 1945 351 2008 τὸν
367 1940 610 2028 πατριαρχικόν

379 2037 474 2108 Μετὰ
511 2044 594 2106 δέ(
575 2046 695 2126 ημέρας
719 2045 824 2124 ὀλίγας
846 2039 940 2122 ἔλαβε
963 2044 997 2105 τὸ
1022 2044 1192 2126 πεοκέοιον,
1214 2054 1283 2120 ταῖς
1306 2055 1391 2130 τρεῖς

250 2165 285 2216 15
292 2141 437 2225 χιλιαθες
466 2143 505 2205 τὰ
530 2143 677 2227 φλωρέα,
698 2142 753 2205 καί
779 2143 817 2205 τὰ
839 2142 957 2224 ὑπῆγεν
977 2144 1022 2216 εἰς
1044 2140 1077 2204 τὸ
1110 2144 1233 2228 διβοὶνη,
1264 2146 1319 2207 καὶ
1349 2146 1389 2206 ιοὶ

293 2243 475 2330 ἑπαρέιέωκε
508 2242 567 2304 τοῦ
589 2247 785 2323 τεντερτέρη.
829 2247 882 2304 καί
903 2239 977 2323 έτζη
1006 2241 1060 2304 τὸν
1084 2243 1191 2324 ἐπῆρε,
1212 2242 1267 2305 καί
1288 2239 1390 2326 ὑπῆγε

294 2341 349 2404 καί
369 2338 500 2424 ἐφίλησε
529 2343 584 2434 soti
601 2345 758 2420 βασιλέως
780 2339 813 2404 τὸ
845 2345 946 2422 χέρη,
979 2338 1022 2414 ὥς
1051 2339 1121 2404 έναι
1149 2341 1303 2423 συνήθεια
1326 2347 1390 2405 τῶν
1461 2381 1462 2384 ¹
1506 2365 1509 2368 ·

272 2445 510 2521 ,πατριιιιρχοῖνο
554 2444 608 2503 καί
626 2441 807 2520 μπαράτιον
825 2446 882 2504 τοῦ
901 2440 1008 2504 ἔδωκε.
1052 2441 1094 2514 ὥς
1117 2443 1152 2504 δέ
1169 2439 1281 2521 ἔλαβεν
1302 2441 1390 2520 αέτό,

296 2541 442 2602 ἐκάθισεν
472 2542 525 2603 έπί
545 2533 685 2623 θρόνον,
709 2543 764 2601 καί
793 2535 916 2620 ’ἔκρινεν
938 2541 1081 2623 ἀφόβως.
1132 2537 1160 2602 ai
1184 2543 1220 2604 δέ
1239 2541 1393 2605 α’ντιίῙικοι

235 2639 405 2716 '2066106
429 2635 458 2702 οἱ
481 2640 659 2721 α’ρχιερεῖς,
690 2636 735 2721 μὴ
766 2636 890 2719 ἔχοντες
912 2642 1006 2703 πλέον
1026 2643 1062 2701 τέ
1077 2637 1114 2702 νιὶ
1139 2636 1259 2718 κέμονν
1279 2640 1392 2719 αὕτοῦ,

297 2734 532 2819 ἒπροσκύνησαν
558 2737 658 2807 αὐτὸν
690 2738 733 2813 ὠς
765 2738 921 2821 αὐθέντην
953 2739 1061 2802 ου’τιιῖν
1092 2763 1145 2801 ναι
1140 2736 1317 2817 βασιλέοιν
1338 2740 1392 2803 καί

296 2837 516 2919 πατριάρχρν·
559 2838 613 2899 aas·
633 2836 733 2919 ὑπῆγε,
740 2838 870 2900 καθΗ
854 2860 926 2912 ενας
948 2841 992 2912 εἰς
1021 2838 1074 2903 τὸν
1097 2838 1212 2923 θρόνον
1236 2838 1347 2906 αὐτοῦ

323 2936 435 3010 ,Εἰς
456 2935 567 3016 τάςρ
535 2934 654 3019 ἡμέρας
678 2931 713 2999 δέ
735 2934 849 3001 τούτου
865 2940 922 3000 τοῦ
939 2941 1140 3021 πατριάρχου
1161 2933 1267 3021 ἔγινοιν
1287 2936 1387 3001 πολλοὶ

295 3173 423 3233 tanquam
443 3162 553 3213 nornine
572 3162 654 3213 totius
673 3162 767 3230 populi
787 3164 921 3247 scriptam,
943 3163 1015 3215 hunc
1033 3166 1191 3231 Dionysium
1204 3165 1255 3215 sibi
1275 3166 1390 3237 patriar·

294 3235 371 3284 cham
388 3234 551 3303 expetentis,
579 3232 704 3302 quodam
724 3233 768 3282 die
788 3250 833 3283 rex
851 3236 916 3284 mari
936 3235 971 3284 ad
992 3237 1244 3303 camelogephyrum
1265 3219 1388 3304 (printem

294 3306 459 3355 camelorum
477 3304 587 3373 diserta)
606 3306 732 3372 perrexit.
770 3303 844 3372 quod
864 3314 894 3355 ut
912 3304 1059 3355 Christiani
1080 3314 1272 3372 cognoverunt,
1291 3322 1387 3355 cucur-

252 3383 254 3386 '
294 3384 389 3425 rerunt
410 3374 468 3435 iilo,
490 3375 606 3425 serentes
635 3376 871 3443 supplicationem
902 3392 982 3443 quam
1004 3377 1143 3425 humiliter
1161 3378 1184 3425 ei
1202 3384 1387 3444 porrexerunt.

293 3464 339 3495 rex
358 3446 386 3495 in
416 3446 544 3512 palatium
565 3462 641 3495 suum
672 3462 791 3497 reversus
811 3462 867 3495 eam
891 3446 957 3511 iegit
977 3454 1005 3495 et
1025 3447 1161 3514 extempio
1181 3449 1262 3496 Busta
1282 3446 1386 3495 bassam

287 3518 389 3566 accivit
409 3524 437 3565 et
454 3514 531 3565 vaide
561 3516 612 3565 hoc
640 3516 750 3566 nomine
778 3516 937 3583 obiurgavit.
974 3515 1081 3565 tandem
1111 3519 1135 3565 ei
1156 3515 1387 3565 disit“esthaee

293 3588 429 3636 sententia
453 3603 532 3646 mea,
561 3595 591 3637 ut
609 3587 655 3635 fiat
676 3586 748 3654 quod
768 3587 884 3654 populus
911 3602 986 3635 meus
1008 3587 1091 3635 vuit.’'
1140 3583 1203 3641 tum'
1221 3586 1385 3647 bassa,cum

291 3662 366 3707 metu
389 3658 456 3723 regis
477 3674 532 3707 non
554 3656 668 3707 haberet
688 3658 761 3725 quod
782 3656 856 3706 aiiud
876 3656 984 3715 faceret,
1003 3658 1082 3706 misso
1103 3657 1205 3723 equite,
1224 3672 1302 3723 quem
1321 3672 1385 3704 zau-
1452 3670 1455 3675 ·

292 3726 386 3777 schum
404 3735 509 3787 vocant,
528 3728 704 3794 patriarcham
723 3746 754 3777 ex
772 3726 874 3795 oppido
894 3727 1000 3789 Galata,
1028 3744 1082 3795 quo
1099 3730 1203 3777 eiectus
1222 3727 1318 3788 fuerat,
1339 3743 1386 3777 ac-

291 3798 408 3848 cersivit.
446 3800 492 3866 qui
513 3798 539 3847 iu
557 3796 750 3866 patriarcheum
772 3800 894 3848 reductus
910 3796 998 3847 aedem
1011 3813 1092 3845 ‚suam
1112 3798 1286 3865 recuperavit.

366 3869 456 3919 Paucis
476 3869 571 3917 diebus
591 3876 666 3936 post,
685 3868 857 3918 honorarium
876 3877 918 3918 tar
946 3869 1020 3916 miiie
1041 3867 1196 3917 ducatorum
1218 3868 1321 3933 accepit
1341 3868 1385 3917 ai·-

262 3940 264 3945 ’
290 3939 430 4007 latumque
448 3942 475 3989 iu
495 3954 647 3990 consessum
667 3937 801 3987 bassarum
821 3940 956 4006 quaestori
977 3938 1096 3987 tradidit.
1134 3955 1148 3987 a
1170 3937 1275 4006 quoad
1296 3954 1383 4005 regem

290 4009 421 4059 adduclris
441 4026 547 4067 manum
566 4008 644 4058 huius
667 4010 800 4059 osculatus
824 4016 881 4069 est,
899 4007 1126 4076 quemadmodum
1147 4009 1313 4069 consuetudo
1335 4026 1383 4076 pa·
1448 4015 1450 4018 '

290 4081 465 4131 triarcharurn
489 4079 547 4129 fert.
585 4096 698 4147 cumque
719 4084 879 4147 potestatem
901 4078 987 4128 etius
1008 4078 1092 4127 abeo
1115 4078 1207 4129 datum
1226 4080 1382 4147 accepisset,

289 4152 320 4201 ιἰι
339 4150 408 4201 solio
429 4166 477 4199 suo
505 4166 611 4199 securus
631 4149 716 4211 sedit,
735 4148 818 4196 iibere
837 4149 977 4197 ecclesiam
1006 4163 1099 4214 regens
1119 4158 1145 4199 et
1166 4150 1380 4200 iurisdictionem

290 4235 430 4279 exercens,
451 4220 594 4269 adversarii
620 4236 682 4269 vero
702 4217 857 4285 pontifices,
878 4234 938 4267 cum
958 4234 1012 4268 rem
1031 4220 1163 4287 impedire
1184 4237 1238 4270 uon
1261 4230 1382 4287 possent,

238 4312 241 4323 ¹
289 4308 351 4341 curn
373 4306 421 4357 pro
440 4289 549 4339 domino
572 4305 619 4352 siro
640 4297 666 4339 et
684 4305 745 4356 rege
765 4295 791 4338 et
811 4286 963 4355 patriarcha
975 4299 1140 4357 a0noverunt
1160 4298 1187 4341 st
1206 4289 1380 4342 hrinoraruut

288 4362 327 4412 ita
349 4360 446 4425 singuli
467 4362 559 4411 siomos
576 4377 636 4410 suos
664 4356 850 4415 discesserunt

356 4446 535 4514 Temporibus
555 4445 635 4498 huius
652 4444 817 4516 patriarchae
838 4444 939 4498 multae
958 4444 1109 4497 discordiae
1128 4447 1306 4521 confusiones!
1319 4462 1380 4514 per-

343 4540 409 4592 Hirr.
424 4548 480 4611 pat.
501 4541 549 4595 ΟΡ.
771 4600 773 4605 ,
1048 4555 1068 4616 Ἰ
1151 4544 1184 4594 12
