3692 5350
393 538 440 614 74
842 551 1036 616 nrsroma
1106 521 1109 525 ’

390 698 550 783 καμήλους
576 697 630 763 καί
660 693 756 782 diter
778 696 981 781 παρασκευὴν
1008 695 1128 779 ἱκανήν.
1179 699 1353 778 συνέλαβον
1382 699 1418 762 δὲ
1447 700 1490 762 ε’ν·

389 801 433 884 τῷ
449 795 581 886 τοιούτῳ
600 800 723 884 πολέμῳ
743 797 798 862 καί
808 796 863 880 τὴν
884 804 1018 878 γυναῖκα
1035 799 1092 861 τοῦ
1114 794 1185 878 Σύχ
1201 790 1354 878 Ἰσμαὴλ·
1395 789 1483 878 εἶχον

343 906 379 962 42
387 896 446 980 γὰρ
471 897 537 960 ἐκεῖ
557 896 668 960 πολλοί
688 895 741 960 καί
760 903 912 979 γυναῖκας
932 894 988 959 καί
1005 895 1128 962 παιδία.
1157 892 1251 976 ἔλαβε
1272 898 1307 958 δὲ
1329 897 1384 958 καί
1403 902 1484 958 πσλ-

387 993 463 1069 λούς
481 1000 651 1071 πλουσίους
680 997 714 1060 ἐκ
735 1000 791 1060 τοῦ
816 997 1000 1077 Τεβριζίου,
1030 996 1084 1057 καί
1108 981 1286 1074 μιύοίκισεν
1309 993 1426 1068 αύτούς
1448 995 1483 1058 ἐν

315 1105 328 1116 ”
386 1088 487 1160 πόλει.
510 1085 624 1176 ὅμοίως
645 1093 701 1159 καί
718 1091 928 1178 ἐπιστήμονας
950 1091 1012 1156 αἰπύ
1028 1090 1154 1158 πάντων
1174 1096 1237 1158 τῶν
1256 1095 1375 1176 τεχνῶν
1393 1089 1507 1178 rincy-5

386 1217 447 1274 κεν,
469 1186 582 1270 ἄλλους
605 1217 639 1258 τε
661 1190 805 1267 πολλούς.
855 1195 981 1276 ε’ποίρσι
1006 1194 1040 1256 δὲ
1067 1191 1124 1277 τὴν
1144 1191 1295 1278 τοιαύτην
1315 1194 1402 1277 νίκην
1422 1217 1482 1274 με.

384 1292 481 1377 μύλην
500 1296 556 1357 καί
574 1294 770 1370 θαυμασίαν.

460 1388 651 1476 Ἔπαθονδὲ
666 1389 755 1454 δεινὰ
774 1390 875 1454 πολλὰ
890 1395 923 1454 έν
938 1392 980 1478 τῷ
995 1391 1207 1476 ὑποστρέφειν
1220 1387 1361 1455 ἐκεῖθεν·
1384 1389 1401 1455 ὃ
1420 1389 1482 1474 γὰρ

384 1489 454 1574 Σύχ
473 1489 604 1573 'tortarii
625 1481 715 1565 ούτος
736 1487 850 1554 ἔκαυσε
871 1493 926 1553 καί
947 1490 1082 1575 ἠφάνισε
1110 1493 1173 1554 πᾶν
1192 1489 1358 1575 τρόφιμον.
1402 1486 1480 1554 ὅθεν

384 1588 464 1652 πολύ
495 1591 616 1670 πλῆθος
647 1584 846 1672 ἐτελεύτησεν
867 1579 902 1652 ἔκ
929 1591 988 1651 τοῦ
1010 1591 1127 1670 λιμοῦ,
1149 1590 1205 1652 καί
1231 1587 1341 1651 πολλοὶ
1362 1585 1397 1651 ἐκ
1415 1591 1479 1654 ταῖν
1490 1601 1522 1652 10

382 1683 576 1768 μεγιστάνων
595 1683 674 1767 μετύ
699 1689 782 1767 βοῶν
803 1680 902 1769 ἦλθον
921 1690 982 1762 ἓως
999 1688 1061 1752 τοῖν
1076 1683 1171 1769 ύρίαν
1183 1682 1303 1766 αύτιύν,
1319 1686 1364 1770 μὴ
1387 1685 1479 1768 ἔχον-

381 1807 433 1858 τες
458 1787 586 1868 τρέφειν
606 1784 729 1860 ἵππους.
761 1782 898 1868 ἔρριψαν
919 1789 955 1850 δὲ
969 1791 1024 1850 καί
1043 1783 1141 1849 πολλύ
1166 1776 1211 1850 ὧν
1226 1789 1348 1851 ἐκεῖθεν
1369 1789 1479 1875 ᾐχμα-
1535 1783 1539 1805 ’

380 1878 524 1965 λα’τισαν,
543 1883 587 1965 μὴ
610 1880 735 1964 ἔχοντες
757 1888 866 1971 φέρειν
889 1885 983 1950 αύτά.
1026 1883 1119 1949 τόσον
1137 1882 1199 1966 γὰρ
1221 1885 1435 1967 ὑπερίσχυσεν
1459 1885 1477 1947 ὅ

380 1976 473 2058 λιμὸς
495 1974 545 2043 ὅτι
565 1979 621 2057 τοὶς
641 1985 701 2061 μὲν
721 1986 879 2067 καμήλους
907 1981 1028 2070 ἔφαγον
1049 1981 1105 2046 καί
1123 1979 1163 2047 τύ
1184 1980 1278 2046 λοιπὰ
1302 1986 1367 2063 ζῶα
1390 1979 1478 2069 ‹ipri-

380 2102 438 2142 καν
457 2083 585 2165 τρέφειν
605 2079 649 2163 μή
674 2081 805 2163 ἔχοντες.
1488 2115 1520 2166 15

463 2185 663 2264 Παρεγὲυετο
686 2183 721 2244 δὲ
751 2180 927 2246 ὅσουλτύν
948 2184 1083 2265 Σελίμης
1103 2179 1227 2265 νικητῆς
1266 2186 1478 2266 τροπαιοῦχσς

377 2281 412 2344 ἑν
430 2277 771 2346 Καινοταντινοοπόλει.
800 2275 868 2362 ύμα
882 2284 918 2346 δὲ
935 2284 993 2345 τού
1011 2279 1115 2345 ἐλθεῖν
1135 2283 1294 2373 α’πέιιτερνε
1316 2279 1370 2346 τὸν
1390 2308 1476 2365 γαμ-

377 2376 457 2460 βρὸν
480 2381 584 2444 edred
602 2379 656 2444 τόν
678 2385 906 2464 Σκεντερμπὲϊν
927 2378 983 2445 τύν
1003 2381 1181 2461 μποστανζί
1199 2405 1330 2466 μπασιν,
1353 2386 1408 2446 καί
1420 2384 1477 2447 τὸν

382 2482 624 2562 Καντιλεσκὲρι,
649 2477 702 2546 τὸν
735 2480 843 2567 πρῴην
871 2481 1052 2563 Νισανζῆν,
1072 2479 1126 2543 τὸν
1148 2484 1261 2560 Σεϊμὲν
1276 2505 1399 2561 μπασιν
1420 2485 1478 2546 καί

343 2665 346 2675 V
381 2571 507 2662 ἄλλους,
528 2583 582 2646 ἐπί
602 2577 759 2667 προφάσει
784 2578 838 2666 ὅτι
852 2582 994 2664 ἐγένοντο
1017 2580 1113 2666 δῆθεν
1134 2578 1231 2646 αἴτιοι
1252 2578 1307 2644 καί
1325 2584 1519 2659 iotario-20

299 2890 305 2903 ρ
377 2830 426 2881 alii
446 2830 507 2898 luga
526 2831 577 2883 eibi
605 2831 719 2884 salutem
746 2840 930 2902 pepererunt.'
968 2833 1048 2901 potiti
1074 2830 1259 2899 contingenti
1277 2832 1473 2898 gazaTurcae‚

376 2902 510 2962 tentoriis,
529 2903 646 2965 camelis,
666 2902 918 2971 impedimentorum
938 2920 1034 2969 magno
1054 2919 1172 2954 numero.
1209 2902 1286 2953 venir
1303 2904 1331 2952 in
1349 2910 1473 2971 potesta-

376 2980 430 3023 tem
450 2989 551 3033 eorum,
571 2972 649 3024 rebus
668 2982 743 3023 tanta
761 2974 945 3042 trepidatione
964 2981 992 3024 et
1002 2975 1120 3024 tumultu
1134 2971 1264 3034 confusis,
1283 2974 1367 3041 ipsine
1388 2974 1471 3024 etiam

296 3097 299 3101 ,
375 3042 493 3093 lsmaelis
514 3059 597 3093 uxor:
621 3044 700 3093 multi
725 3046 796 3093 enim
818 3061 878 3095 suas
905 3044 1031 3110 coniuges
1058 3061 1090 3095 eo
1111 3043 1279 3094 adduxerant
1310 3051 1338 3093 et
1358 3042 1470 3095 liberos.

337 3118 341 3127 ’
375 3114 446 3181 capti
468 3129 576 3182 quoque
595 3129 649 3163 non
668 3116 756 3181 pauci,
775 3113 876 3165 divitiis
895 3123 923 3165 et
940 3114 1038 3180 opibus
1051 3113 1221 3164 abundantes
1241 3130 1255 3164 e
1273 3113 1422 3175 'lrebrizio,
1444 3123 1472 3165 et

377 3183 406 3233 in
425 3183 596 3234 Constantini
621 3181 713 3234 urbem
742 3183 861 3235 deducti.
906 3185 1031 3236 similiter
1058 3193 1086 3236 et
1110 3186 1230 3236 omnium
1251 3184 1349 3234 artium
1369 3186 1471 3253 egregii

376 3254 486 3322 opifices
514 3253 621 3323 aliaque
650 3254 787 3305 hominurn
813 3254 958 3306 multitudo
979 3254 1074 3306 eodem
1095 3255 1219 3306 traducti.
1262 3271 1383 3322 magnam
1404 3254 1471 3307 haec

376 3332 429 3375 tarn
458 3323 572 3376 illu'etris
593 3325 704 3376 victoria
722 3326 834 3393 gloriam
854 3335 881 3377 et
900 3325 1023 3377 mirabile
1046 3325 1127 3377 decus
1149 3326 1264 3377 Selimac
1284 3327 1399 3395 peperit,

401 3416 407 3423 '
476 3412 531 3465 Sed
561 3414 632 3464 inter
659 3413 846 3473 revertendum
877 3414 953 3464 illinc
984 3414 1129 3482 plurimum
1164 3412 1329 3465 difficultatis
1363 3419 1390 3462 et
1426 3414 1470 3464 iu-

376 3483 575 3555 commodorum
594 3484 686 3534 'larcia
715 3485 851 3535 obiectum
879 3486 946 3535 luit:
980 3483 1110 3553 quicquid
1145 3486 1215 3534 enim
1247 3492 1411 3535 commeatus
1443 3493 1471 3535 et

375 3555 538 3607 cibariorum
563 3555 677 3606 inveniri
706 3557 855 3623 potuisset,
884 3554 912 3605 id
943 3570 1022 3605 omne
1051 3557 1105 3622 igni
1135 3554 1169 3604 ab
1187 3554 1299 3606 Ismaele
1327 3554 1470 3606 detumet

283 3680 286 3686 ,
376 3625 562 3695 disperditum.
600 3625 671 3676 unde
690 3626 800 3695 plurimi
820 3626 946 3677 mortales
966 3627 1034 3676 lame
1053 3626 1223 3677 interierunt.
1259 3626 1339 3677 multi
1358 3642 1469 3693 quoque

375 3714 407 3747 ex
426 3698 594 3765 primoribus,
612 3696 741 3749 facultate
762 3697 884 3749 destituti
911 3695 1069 3747 alendorum
1089 3715 1234 3768 equorum,
1252 3714 1312 3748 cum
1328 3695 1415 3746 hobus
1433 3696 1469 3745 ad

375 3768 491 3818 confinia
511 3785 557 3818 aua
575 3764 717 3819 venerunt.
755 3767 803 3819 sed
829 3776 856 3819 et
883 3783 1006 3835 magnam
1021 3776 1123 3837 partem
1142 3769 1274 3838 praedae,
1294 3784 1373 3837 quam
1392 3766 1469 3817 illinc

375 3847 525 3903 rapuerant,
547 3839 687 3900 abiecere,
718 3848 825 3909 portare
851 3856 906 3891 non
933 3838 1068 3891 valentes:
1095 3840 1123 3892 in
1151 3849 1256 3892 tanturn
1283 3838 1355 3889 euim
1384 3838 1468 3887 fames

373 3907 524 3959 invaluerat
548 3920 578 3961 nt
596 3911 704 3961 camelis
730 3920 870 3963 vescentes
895 3921 1002 3965 caetera
1021 3911 1150 3963 animalia
1176 3912 1362 3971 dimitterent,
1393 3906 1468 3976 quod

374 3976 448 4027 alere
464 3994 520 4028 non
539 3990 657 4048 possent
902 3980 904 3985 ’

443 4062 533 4114 Rediit
549 4066 671 4118 *Selimes
688 4068 790 4131 victor,
811 4075 838 4120 et
859 4066 952 4119 urbem
979 4068 1147 4121 Constantini
1166 4066 1346 4136 triumphator
1365 4067 1472 4131 ingres-¹

356 4141 418 4182 'sus
439 4140 489 4183 est.
526 4137 614 4186 statim
634 4147 723 4189 autern
743 4138 777 4188 ab
797 4141 918 4206 ingressu
939 4140 1048 4191 caedem
1067 4141 1219 4209 principum
1242 4138 1317 4199 lecit,
1339 4137 1466 4187 occidens

374 4218 501 4269 generum
520 4204 728 4270 Scederbetnm,
756 4210 998 4272 Bostatzibaesam‚
1021 4211 1229 4268 Cadilescerurn‚
1248 4210 1295 4277 qui
1313 4216 1393 4258 antea
1410 4207 1466 4257 Ne-

374 4282 481 4325 eantzae
500 4288 596 4324 munus
617 4274 742 4342 gesserat,
761 4288 789 4329 et
811 4282 1037 4343 Selmenbassam,
1055 4296 1161 4329 necnon
1180 4280 1256 4327 alios.
1295 4282 1395 4329 crimen
1414 4276 1466 4336 hoc

340 4392 341 4397 ,
374 4345 414 4395 eie
433 4344 579 4404 obiectum,
597 4345 669 4412 ipsos
682 4349 710 4397 in
729 4366 808 4398 caasa
827 4352 909 4401 luisse
929 4351 1003 4420 qnod
1024 4349 1095 4417 apud
1110 4349 1241 4399 Amasiam
1261 4349 1372 4399 ianizari
1389 4347 1465 4398 sedi-

374 4414 476 4469 tionem
495 4415 673 4484 excitassent,
691 4418 810 4488 ipsorum
835 4423 905 4471 mala
924 4420 1066 4490 disciplina
1093 4419 1192 4471 factum
1212 4428 1242 4471 ut
1258 4419 1343 4471 iidem
1362 4420 1465 4489 impor-
