3692 5350
399 504 448 617 οο
730 494 733 501 ’
851 501 1045 613 nuaoau

435 769 439 775 ,
474 692 603 764 Ἔπειτα
629 692 799 779 πορευθείς
830 692 865 761 όν
885 697 924 781 τῇ
952 691 1089 779 ἀνατολῇ
1120 691 1200 777 μοτό
1222 690 1342 779 στόλον,
1364 696 1419 763 καί
1438 700 1494 765 διὰ

398 797 564 880 θαλάσσης
585 797 715 875 πέμψας
735 798 855 873 πλοῖα,
874 789 970 873 ἔλαβε
1002 788 1058 873 την
1078 790 1174 872 νῆσον
1194 793 1393 878 Μιτυλήνης.
1435 799 1496 885 τοὶς
1557 838 1559 843 -

399 897 457 960 driu
477 893 585 970 πόλεις
607 893 737 970 (doissac
774 894 961 975 λεγομένας,
988 887 1046 971 τήν
1064 908 1097 950 τε
1128 888 1269 965 παλαιόν
1291 895 1420 959 Φωκίαν
1441 894 1498 959 καί

400 992 456 1076 τη”ν
478 997 573 1073 νέαν,
601 992 699 1076 τριιόν
720 988 995 1074 οόριόν..όιόστημα
1017 986 1200 1069 α’πεχοόσας
1218 982 1362 1073 α’λληλων
1383 988 1403 1077 ἢ
1423 1018 1495 1059 τεσ.

369 1094 508 1176 ,μόρων
528 1093 632 1171 μόλις,
653 1094 796 1170 κειμένας
815 1090 945 1171 πλησίον
962 1081 1185 1169 Σμόρνηςτῆς
1209 1089 1242 1151 ἐν
1263 1090 1390 1179 Ἐφέσῳ,
1412 1088 1519 1162 ὑπο-5

347 1180 369 1207 ⁵
401 1190 487 1257 κότον
499 1192 694 1272 Μαιάνδρου
714 1192 771 1253 τοῦ
783 1188 935 1268 ποταμοῦ.
959 1182 1053 1266 ἔλαβε
1073 1186 1108 1249 δὲ
1130 1180 1249 1268 ἄνδρας
1267 1186 1323 1252 καί
1343 1199 1495 1272 γυναῖκας
1524 1202 1546 1235 ’-

400 1288 517 1368 πολλός
529 1293 584 1356 καί
593 1294 712 1374 πλῆθος
724 1288 860 1352 παιδίων
872 1290 906 1351 ἐκ
921 1288 984 1350 τῶν
998 1281 1119 1377 πόλεων
1130 1286 1256 1368 τούτων,
1272 1292 1326 1353 καί
1337 1295 1496 1370 μετοίκισι
1551 1323 1555 1331 ·

354 1410 358 1415 ’
400 1384 515 1467 ταότας
530 1394 564 1455 ἐν
579 1387 677 1454 πόλει.
699 1376 808 1453 ἔπειτα
822 1386 948 1469 όπηλθε
958 1387 1018 1448 -καί
1029 1381 1123 1466 ἔλαβε
1139 1383 1431 1471 τηνΚασταμιόνηο
1444 1388 1500 1453 καί

402 1489 549 1574 Σινώπην
570 1491 604 1555 ἐκ
634 1485 754 1569 χειρός
772 1489 831 1549 τοῦ
857 1479 1143 1577 ΚιζίλἈχονμότ,
1164 1479 1202 1561 ἃς
1227 1480 1312 1568 εἶχεν
1332 1487 1394 1550 α’πό
1418 1511 1495 1570 προ·

401 1592 512 1673 γόνων,
535 1592 591 1652 τοῦ
610 1585 745 1652 σονλτόν
763 1584 918 1670 Ἀλοτόνη
933 1589 1054 1649 ἐκείνου
1070 1588 1128 1649 τοῦ
1148 1588 1288 1670 φοβεροῦ
1305 1591 1495 1671 στρατηγοῦ·
1507 1605 1540 1659 10

376 1686 439 1763 viic
460 1688 515 1752 καί
544 1683 611 1767 ἅμα
641 1691 683 1775 τῷ
713 1691 830 1770 μαθεῖν
858 1682 912 1767 την
949 1682 1075 1749 iteam
1101 1685 1283 1768 ’Λγαρηνοῖν
1313 1686 1497 1773 ἀνεχώρησε

403 1787 528 1872 φεόηων
550 1782 605 1850 arui
626 1783 790 1869 ἐπορεύθη.
807 1787 840 1849 ἐν
865 1788 994 1872 Πτρσίρι
1018 1781 1098 1865 πρός
1119 1781 1173 1848 τόν
1198 1777 1321 1855 Οόζοῦν
1339 1788 1496 1869 χασόνην.

365 1872 497 1968 ,Ἔλαβο
520 1884 555 1951 di
575 1877 633 1952 καί
649 1888 751 1950 ταῦτα
773 1884 876 1948 κόπων
898 1887 952 1948 καί
971 1886 1114 1964 πολέμων
1135 1888 1243 1965 χωρίς,
1263 1881 1345 1963 μετό
1361 1884 1416 1949 καί
1434 1889 1522 1949 τῶν·

403 1988 532 2071 πλησίον
554 1990 682 2068 χωρίων
704 1984 820 2049 αὐτῶν.
853 1981 971 2047 -ἔπειτα
992 1980 1087 2064 ἔλαβε
1101 1984 1159 2067 την
1173 1976 1352 2066 Ἄμαστριν
1372 1984 1426 2049 καί
1444 1983 1498 2050 τόν

321 2152 324 2155 ,
391 2085 528 2168 ’Καφόν
556 2088 591 2151 ἐκ
618 2081 728 2167 χειρός
752 2086 817 2147 ’τοῖν
848 2084 1142 2163 facundissimum
1164 2076 1290 2159 ἐκόμισε
1313 2084 1541 2161 τοότοοςὲνιῡ
1600 2106 1602 2111 '

314 2237 316 2241 .
404 2185 643 2248 Κωνσταντίνοσ
665 2182 765 2262 πόλει,
796 2174 983 2263 παροικίσας
1013 2176 1144 2259 αότοός,
1166 2182 1222 2244 καί
1240 2178 1379 2263 ἐρήμους
1400 2188 1498 2247 εἰπεῖν
1595 2238 1597 2241 ,

404 2287 634 2365 τ’γναταλείψας
656 2277 960 2365 αότόςόνθρώπων,
982 2277 1261 2366 α’φανιλταςιιαίτό
1284 2286 1414 2348 πλεῖστα
1436 2285 1499 2349 τοῖν

404 2383 521 2463 τοίχων
542 2382 647 2445 adroic
665 2378 721 2443 καί
739 2377 842 2443 πόντα
864 2376 1093 2457 καλλωπισμόν.
1378 2465 1380 2469 Ι

410 2507 429 2541 s
487 2479 684 2545 Ἐπανελθών
706 2481 742 2544 δὲ
763 2476 859 2543 πόλιν
875 2473 917 2572 ᾖν
936 2481 975 2565 τῇ
997 2479 1096 2559 πόλει,
1117 2478 1174 2545 ’καί
1191 2480 1273 2564 donis·
1293 2478 1336 2564 μὴ
1359 2502 1497 2561 σνναγο.

304 2586 308 2593 ’
404 2582 519 2662 μένους
548 2580 615 2668 ίόίρ
641 2576 772 2662 θελήσει
801 2572 881 2653 ὅλως
907 2581 1144 2661 Χριστιανούς,
1174 2580 1318 2663 η’ραότηστ
1337 2576 1373 2643 τό
1398 2577 1542 2650 αἴτιοννο

405 2680 492 2763 παρὰ
515 2683 619 2766 φιλων
640 2681 696 2744 καί
720 2682 946 2763 γραμματικῶν
961 2680 1183 2762 Χριστιανῶν,
1205 2675 1259 2756 σός
1280 2675 1346 2762 εἶχε
1369 2682 1500 2764 πλησίον

406 2781 507 2846 usitari
528 2784 584 2844 καί
601 2779 762 2861 ἑόιοίκουν
778 2784 884 2866 πᾶσαν
904 2777 963 2863 τὴν
982 2779 1162 2862 βασιλείαν,
1201 2779 1230 2844 οἱ
1251 2777 1311 2864 γὰρ
1334 2781 1502 2864 Ἀγαρηνοί

476 3051 614 3102 Orientem
634 3050 733 3102 deinde
752 3051 836 3101 classe
864 3059 969 3118 petens,
995 3051 1089 3101 multis
1109 3067 1156 3116 per
1174 3067 1245 3102 mare
1266 3052 1382 3104 navibus
1400 3053 1498 3116 missis,
1561 3064 1565 3071 ’
1605 3069 1607 3080 ’

405 3121 521 3171 insulam
543 3120 655 3172 Lesbum
673 3137 737 3172 suae
760 3120 874 3171 dicionis
893 3119 966 3170 iecit.
1003 3121 1066 3171 huic
1089 3127 1238 3190 'utramque
1257 3121 1401 3174 Phocaeam
1420 3122 1498 3174 addi·

406 3191 454 3252 dit,
472 3200 588 3257 soterem
608 3200 635 3242 et
654 3207 751 3241 novam
761 3229 771 3254 ‚
789 3191 869 3253 triam
887 3189 1014 3242 horarum
1044 3199 1092 3242 aut
1108 3191 1152 3241 vix
1172 3199 1300 3263 quattuor
1319 3195 1406 3264 spatio
1428 3195 1499 3262 inter

405 3279 433 3314 se
452 3270 576 3323 remotas,
597 3278 682 3332 prope
697 3261 845 3328 Smyrnam,
863 3277 934 3332 quae
953 3261 987 3312 ad
996 3261 1129 3331 Ephesum
1149 3272 1198 3324 est,
1218 3264 1268 3314 sub
1287 3263 1411 3316 flumine·
1423 3265 1498 3324 Mae-

401 3332 490 3386 'andro
511 3333 584 3385 sitas.
602 3380 604 3383 .
621 3349 635 3383 s
654 3333 754 3403 quibus
767 3333 923 3390 civitatibus
943 3350 1067 3399 magnum
1085 3351 1224 3385 numerum
1244 3335 1361 3386 virorum
1382 3336 1499 3386 femina·

371 3441 375 3448 ·
406 3422 462 3456 rum
496 3411 525 3456 et
547 3402 692 3473 isuerorum
717 3403 746 3454 in
774 3403 868 3454 urbem
895 3403 1023 3455 traduxit.
1071 3406 1208 3474 profectus
1234 3415 1328 3474 postea
1359 3405 1499 3458 Castamo'-

405 3477 467 3536 nain
498 3484 528 3527 et
556 3477 678 3544 Sinopen
705 3473 776 3525 cisit
805 3474 969 3526 Achumatae
1002 3473 1116 3541 ademit3
1152 3493 1218 3546 quas
1247 3479 1269 3528 is
1300 3478 1381 3543 longo
1411 3479 1498 3528 inter-

404 3549 476 3599 vaiio
506 3546 652 3599 maioribus
679 3544 789 3596 traditas
816 3544 949 3606 habuerat
972 3559 991 3595 ‘a
1016 3547 1122 3596 suitauo
1150 3546 1259 3616 quidem
1289 3548 1421 3611 Aladino,
1448 3547 1497 3600 ilio

404 3636 502 3686 magno
530 3626 557 3669 et
584 3616 756 3673 formidando
782 3615 859 3673 derce.
905 3634 967 3668 narn
996 3615 1245 3683 Cisii'Ach'umata,
1271 3614 1300 3671 ut
1323 3612 1442 3689 'primurn
1463 3617 1498 3669 de
1595 3661 1597 3666 ι

407 3690 553 3740 Τοτοοτοω
571 3688 689 3740 adventu
718 3688 816 3738 certior
845 3687 930 3738 iactus
961 3687 1029 3749 fuit,
1061 3689 1157 3748 cessit,
1185 3706 1216 3740 ac
1244 3691 1365 3759 profugit
1381 3692 1410 3742 in
1436 3693 1498 3741 Per·
1536 3707 1538 3710 ·

406 3760 470 3810 siam
495 3759 529 3810 ad
555 3759 781 3811 Usumc'astanem.
824 3759 927 3828 potitus
956 3759 1048 3827 itaque
1076 3768 1117 3810 est
1147 3759 1201 3811 iilis
1230 3763 1384 3813 civitatibus
1412 3770 1439 3812 et
1460 3762 1499 3812 vi-

406 3830 476 3880 cinia
496 3831 612 3899 ipsarum
633 3831 802 3882 Mechemeta
828 3832 894 3881 citra
920 3830 1022 3882 bellurn
1043 3839 1071 3881 et
1087 3829 1213 3882 laborem.
1251 3835 1398 3901 posthaec
1418 3837 1498 3882 Ama-

407 3900 476 3950 strin
495 3903 568 3968 cepit
594 3911 622 3954 et
637 3904 769 3971 Capsam,
794 3902 964 3953 Genuatibus
992 3910 1164 3972 extorquens.
1202 3904 1272 3954 cives
1292 3919 1382 3952 earum
1401 3903 1500 3970 Cpoiin
1539 3959 1540 3964 ,

406 3971 554 4023 transtulit.
602 3974 673 4039 ipsas
695 3982 784 4024 nutem
805 3974 900 4034 urbes,
926 3987 1017 4024 eversa
1042 3975 1142 4025 maiore
1161 3984 1237 4043 parte
1257 3974 1391 4022 moenium
1410 3975 1498 4023 omui·
1535 4007 1537 4010 -

407 4057 472 4109 que*
491 4049 587 4091 ornatu
612 4043 749 4110 destructo
777 4053 804 4097 et
827 4044 940 4108 ablato,
972 4061 1056 4114 prope
1083 4046 1111 4096 in
1139 4043 1314 4096 solitudinem
1343 4041 1500 4097 hominibus

410 4109 598 4185 infrequentes
615 4106 728 4182 redegit.
1281 4125 1283 4129 '

420 4247 422 4252 .
495 4201 593 4249 Rursus
618 4199 646 4250 in
677 4201 769 4251 urbem
792 4221 927 4265 reversus,
954 4221 1016 4262 cum
1047 4204 1137 4254 nullos
1156 4217 1243 4252 sacros
1262 4209 1409 4253 conventus
1430 4201 1500 4254 uitro

408 4269 539 4321 ceiebrari
559 4285 574 4318 a
597 4267 755 4320 Christianis
780 4273 892 4333 videret,
910 4292 1018 4326 causam
1049 4275 1106 4323 eius
1128 4273 1165 4322 rei
1187 4271 1220 4320 ab
1238 4271 1331 4321 amicis
1351 4274 1502 4326 sciscitatus
1540 4297 1548 4307 ·

410 4349 451 4393 est
470 4349 497 4392 et
512 4334 535 4388 a'
550 4338 645 4390 scribis
661 4340 830 4403 Christianis,
849 4363 917 4413 quos
940 4362 1029 4396 secum
1042 4343 1173 4404 habebat3
1194 4343 1240 4410 qui
1255 4343 1337 4392 totius
1357 4346 1429 4410 regni
1451 4346 1501 4396 ad-

402 4411 635 4470 ¹ministrationem
656 4409 792 4479 gerebant.
831 4414 883 4482 ipsi
904 4417 977 4465 enim
996 4414 1108 4482 Agareni
1128 4415 1265 4464 literarum
1279 4415 1359 4466 rudes
1380 4424 1455 4466 eraut
1474 4423 1502 4467 et
