3692 5350
382 574 456 658 usa
657 588 853 659 nunonis
867 587 1190 660 asmrsscmcs.

380 771 448 829 μεν,
471 739 521 813 ότι
543 743 597 810 καί
615 749 722 829 μέσα,
752 737 807 812 καί
827 743 887 826 ἔξω
910 735 979 816 ἕναι
1001 743 1060 832 όλη
1082 746 1212 832 λαμπρη
1235 743 1412 833 φωτοειδὴς
1432 743 1487 811 καί

381 845 632 933 θαυμασιωτάτη
671 847 733 913 α’πό
769 845 825 932 τὴν
848 843 1037 932 οἰραιότητα.
1092 849 1164 913 α’ντί
1191 850 1227 913 δὲ
1252 850 1310 911 τοῦ
1331 847 1494 932 οόρανίου.

381 946 500 1032 θρόνου
532 944 647 1031 ἔκαμεν
683 943 783 1014 αότόν
812 949 867 1014 τόν
896 952 985 1014 θεῖον
1006 945 1142 1032 θρόνον,
1171 945 1227 1014 τόν
1247 936 1484 1031 ιόπόρλαμπρον

383 1043 465 1112 όποό
486 1045 631 1130 εἴπαμεν.
675 1049 730 1114 καί
752 1048 860 1125 καθώς
885 1049 904 1133 ἤ
928 1045 1043 1134 θεόεης
1064 1049 1197 1134 κόθηιοι
1221 1050 1275 1114 ἒπί
1296 1046 1415 1132 θρόνου
1439 1049 1484 1124 εἰς

382 1146 438 1214 τόν
464 1147 623 1232 οόρανόν,
648 1145 749 1228 οότως
771 1152 825 1215 καί
847 1149 944 1226 αότός
967 1148 983 1212 ό
1006 1149 1174 1235 δεσπότης,
1196 1149 1213 1213 ό
1233 1153 1342 1236 φέρων
1361 1149 1416 1234 τὴν
1439 1151 1511 1214 εἰ·5

382 1247 458 1316 κόνα
492 1252 551 1314 rosi
570 1248 640 1327 ἑνός
669 1254 722 1336 τῆς
742 1251 834 1335 α’γιάς
864 1249 994 1332 τριάδος
1018 1239 1181 1334 Χριστοῦ,
1206 1254 1265 1315 τοῦ
1284 1253 1362 1315 θεοῦ
1383 1252 1484 1336 ἡμῶν,

382 1351 516 1436 κάθηται
539 1354 593 1418 ε’πί
614 1356 671 1418 rosi
692 1356 783 1416 θείου
806 1352 924 1435 θρόνου
944 1355 1003 1416 τοῦ
1025 1353 1176 1434 ἐπιγείου.
1220 1349 1290 1416 ἔναι
1312 1353 1347 1416 δὲ
1362 1350 1416 1416 καί
1436 1355 1485 1415 λε’-

300 1499 302 1506 ,
380 1471 468 1532 γεται
492 1450 591 1528 αότός
621 1451 638 1515 ό
669 1450 741 1528 ναός
762 1451 818 1535 τῆς
838 1451 978 1535 μεγάλης
1006 1452 1172 1536 ἐκκλησίας
1195 1452 1487 1537 τῆςπαμμακαρί-

381 1575 458 1638 στου
482 1553 617 1636 ἐπίγειος
636 1549 783 1634 οόρανός,
816 1555 871 1617 νία
894 1550 995 1618 Σιών·
1038 1552 1096 1636 τὴν
1119 1550 1231 1616 όποϊαν
1251 1549 1369 1616 ἔκτισεν
1391 1549 1407 1616 ό
1427 1545 1484 1614 κό-
1577 1602 1580 1604 v

383 1676 451 1736 ριος
473 1651 527 1718 καί
549 1653 605 1716 ου’νι
644 1645 836 1736 ἅνθρωπος,
859 1657 913 1719 καί
934 1653 1083 1739 καύχημα
1107 1657 1162 1719 καί
1181 1650 1309 1729 ἔπαινος
1332 1645 1406 1737 όλης
1427 1655 1484 1738 τῆς
1495 1669 1527 1725 10
1548 1644 1552 1655 .

383 1757 583 1840 οἰκουμένης,
618 1757 673 1819 καί
695 1751 858 1840 εόμυρφία
881 1747 963 1820 όλων
992 1758 1054 1819 ταῖν
1083 1750 1255 1838 ἐκκλησιῶν
1275 1755 1330 1818 καί
1347 1753 1482 1839 μητέρα.

382 1854 436 1922 τόν
467 1852 575 1919 όποῖον
595 1851 808 1941 περισκεπόση
840 1858 894 1919 καί
912 1858 1074 1945 σιερεοίση
1109 1856 1163 1919 καί
1181 1853 1314 1942 ξφυλόξη
1345 1849 1482 1940 όσοοτῆρ

383 1954 473 2038 ἧμιόν
492 1952 508 2019 ό
526 1953 662 2031 δυνατός
684 1958 739 2020 καί
760 1956 899 2043 φοβερός
921 1958 955 2021 ἐκ
974 1960 1038 2020 τῶν
1059 1953 1183 2041 όρατῶν
1204 1952 1321 2020 τοότων
1341 1957 1482 2039 ἐχθροῖν,

383 2057 418 2120 ἐκ
439 2053 557 2131 παντός
590 2058 757 2140 ἐναντίου,
779 2056 839 2122 σόν
869 2059 956 2146 αότρό
985 2059 1030 2146 τῷ
1052 2054 1290 2144 ζπαναγιωτότρν
1310 2056 1399 2139 ἡμῶν
1424 2056 1484 2118 ου’·

384 2158 478 2243 θέντη
496 2158 550 2220 καί
572 2155 718 2244 δεσπότῃ,
738 2162 782 2246 τῷ
803 2160 1007 2246 οἰκουμενικρλ
1029 2155 1222 2244 πατριόρχη,
1241 2159 1286 2232 εἰς
1307 2156 1526 2232 rademini-15

299 2283 305 2290 ·
383 2281 439 2332 νας
459 2259 520 2321 τιόν
540 2257 675 2321 αἰώνων.
718 2260 772 2322 καί
790 2263 947 2345 πληρωθῇ
968 2255 984 2323 ό
1005 2264 1094 2334 θεῖος
1116 2256 1204 2341 λόγος
1224 2254 1326 2322 αότοῦ
1348 2262 1405 2321 τοῦ
1428 2281 1485 2334 uve

383 2358 466 2439 ρίου,
489 2359 544 2421 τοῦ
565 2359 705 2450 εἰπόντος
734 2356 811 2442 πρός
843 2359 898 2423 τόν
928 2358 1183 2446 κορυφαιότατυν
1211 2359 1275 2423 τῶν
1297 2357 1484 2422 ἀποστόλων

381 2453 443 2521 “σό
467 2450 500 2520 εἰ
517 2460 653 2544 Πέτρος,
677 2462 732 2524 καί
752 2461 804 2525 ε’πί
828 2457 926 2548 ιαότη
947 2465 985 2548 τῇ
1008 2463 1105 2550 πέτρη
1123 2456 1321 2542 οἰκοδομήσω
1340 2481 1405 2539 μου
1426 2455 1484 2543 την

381 2552 570 2646 όκκλησίανέ
611 2558 666 2626 καί
687 2558 783 2626 πόλοι
805 2557 886 2650 ᾅδου
909 2563 949 2624 οιί
978 2560 1224 2644 κατισχόσοοσιν
1244 2560 1376 2644 αότῆς.”

253 2818 262 2829 ·
300 2844 303 2847 .
383 2805 509 2867 argentea
525 2800 687 2851 candelabra
701 2800 784 2865 habet
802 2809 829 2852 et
845 2799 1020 2870 splendorem
1034 2806 1185 2852 sanctarum
1198 2798 1353 2866 imaginum,
1373 2802 1484 2853 univer·

381 2886 436 2921 sam
449 2870 575 2941 vdenique
595 2889 670 2924 suam
689 2872 902 2936 conducentium,
922 2872 956 2923 de
974 2889 1028 2942 qus
1050 2871 1210 2923 meministis
1239 2871 1351 2923 anobis
1371 2872 1484 2936 dietum,

382 2957 441 2991 eam
461 2959 576 3005 omnem,
597 2950 652 2993 tum
671 2944 745 2995 intus
776 2952 832 2994 tum
852 2952 935 3007 estse,
957 2960 1015 2994 esse
1034 2943 1095 2993 luce
1114 2940 1260 3012 splendore
1280 2950 1308 2994 et
1326 2944 1484 3013 pulchritu-

382 3010 447 3063 dine
467 3011 661 3064 admirabilem.
699 3031 748 3085 pro
767 3014 878 3066 caelesti
904 3031 968 3076 vero
992 3015 1065 3081 ‚solio
1087 3014 1164 3064 illum
1184 3022 1325 3081 augustum
1345 3023 1373 3068 et
1390 3017 1485 3086 splen·

382 3081 551 3135 didissimum
570 3084 698 3137 thronum
718 3085 870 3153 patriarcha
893 3086 967 3148 iecit,
989 3087 1088 3156 dequo
1108 3085 1231 3136 diximus.
1269 3102 1300 3136 sc
1319 3087 1399 3138 sicuti
1423 3087 1486 3137 dei·
1568 3151 1570 3154 Ι

381 3164 421 3207 tas
441 3171 522 3223 supra
540 3156 569 3206 in
589 3156 687 3208 throno
716 3158 828 3209 caelesti
846 3156 933 3222 sedet,
952 3158 990 3208 ita
1020 3157 1202 3209 sanctissimus
1221 3165 1321 3219 noster,
1343 3160 1390 3229 qui
1412 3160 1484 3226 gerit
1601 3210 1607 3218 ς

324 3262 326 3266 1
381 3228 524 3295 imaginem
547 3228 683 3285 secundae
714 3228 741 3279 in
761 3229 787 3279 S.
807 3228 894 3281 triade
917 3246 1066 3299 personae,
1086 3228 1184 3280 Christi
1208 3226 1252 3277 dei
1272 3232 1368 3294 nostri,
1387 3230 1436 3282 sed
1455 3239 1485 3283 et
1514 3240 1520 3243 '

380 3298 425 3351 hic
442 3299 510 3350 infra
529 3300 558 3351 in
580 3316 629 3350 suo
650 3309 742 3351 sancto
762 3301 869 3353 throno.
892 3310 932 3353 est
952 3319 1016 3352 vero
1039 3309 1066 3351 et
1085 3300 1240 3369 appellatur
1261 3299 1350 3370 ipsum
1370 3319 1483 3371 magnae

380 3371 510 3423 eeclesiae
546 3372 781 3423 Pammacaristse'
800 3373 931 3443 templum
964 3380 1091 3425 terrestre
1121 3372 1226 3422 casium
1253 3388 1379 3443 novaque
1407 3375 1483 3437 Sion,

380 3460 460 3513 quain
483 3442 607 3495 dominus
632 3443 775 3507 condidit,
793 3461 850 3499 non
879 3445 978 3510 bomo;
1005 3452 1033 3495 et
1058 3443 1139 3494 decus
1168 3449 1209 3494 est
1239 3443 1379 3515 gloriaque
1398 3445 1483 3497 tot'ius

380 3515 453 3567 orbis
473 3523 577 3578 terrae,
608 3525 638 3577 et
657 3525 896 3571 ornamentumac
918 3525 1002 3567 mater
1030 3516 1214 3566 ecelesiarum.
1253 3516 1327 3584 quod
1343 3518 1483 3588 templum

381 3586 500 3657 undique
520 3595 652 3657 protegat,
674 3587 762 3639 solide
785 3587 908 3640 stabiliat
926 3597 954 3637 et
972 3586 1103 3638 desendet
1122 3596 1287 3659 praepotens
1305 3598 1333 3640 et
1351 3589 1500 3639 terribilis·

380 3660 496 3711 salvator
515 3669 615 3723 noster,
635 3677 649 3709 a
669 3661 804 3729 corporeis
829 3660 887 3710 istis
916 3659 1034 3709 inimicis
1055 3667 1082 3709 et
1110 3660 1182 3710 omni
1201 3659 1355 3711 adversaris
1374 3660 1410 3723 vi,
1430 3677 1483 3711 una

381 3748 441 3781 cum
465 3732 636 3783 sanctissimo
665 3729 774 3782 domiuo
803 3739 913 3793 nostro,
941 3729 1093 3797 patriarcha
1114 3732 1308 3795 oecumenico,
1327 3732 1355 3781 in
1375 3731 1483 3783 infinita

382 3802 496 3869 saecula.
526 3813 631 3855 eventu
655 3801 700 3853 hic
718 3802 909 3871 comprobetur
927 3801 1047 3852 divinum
1067 3801 1172 3853 domini
1192 3803 1226 3853 sd
1245 3804 1393 3871 principem
1414 3809 1485 3871 apud

382 3873 512 3925 stolorum
524 3874 624 3926 dictum
641 3882 689 3925 “tu
711 3891 737 3925 es
753 3876 854 3934 Petrus,
876 3881 904 3924 et
920 3870 1004 3942 ‘super
1026 3872 1095 3924 hanc
1108 3882 1212 3944 petram
1226 3874 1376 3927 aedificabo
1395 3892 1484 3926 meam

344 3966 347 3972 ¹
383 3945 537 4013 eeclesiam
556 3963 606 3997 nec
619 3953 720 4016 ¹portas
735 3944 883 3998 inferorum
902 3944 1035 4017 valebunt
1053 3944 1179 3998 adversus
1197 3948 1282 3999 esns.''

779 4173 1089 4191 m
