3692 5350
661 560 665 568 '
710 508 1065 648 mensuruus.
1160 662 1162 669 Α
1206 610 1248 639 ,ε
1353 552 1432 639 '233
1469 586 1473 595 s
1504 584 1548 613 «.

305 807 307 810 ,
336 743 464 808 τεόθεν
474 739 554 825 πρός
587 736 641 814 τός
664 737 811 812 αἰωνίους
841 731 959 817 μονός.Ι
992 731 1062 798 τότε
1084 728 1240 811 Ιζαοῦι
1226 756 1241 796 o
1267 732 1431 817 δεσπότης,

340 844 541 931 φιλόχριστος
562 868 617 920 οον,
640 833 697 904 oria
728 836 973 959 ἐπηκολούθησε
983 832 1020 899 τὰ
1043 832 1245 955 doviedproru
1268 834 1329 899 τῶν
1350 838 1432 919 Σέρ-

336 951 425 1029 βων,
458 944 565 1021 καθιός
589 942 681 1007 αότοί
701 938 874 1024 η’νόγκαζον
898 936 1011 1017 αὐτόν,
1048 928 1132 1012 ὅπως
1160 937 1254 1060 s’doy
1270 936 1376 1012 usitate
1395 934 1432 1001 τό

336 1072 392 1130 της
415 1044 579 1130 ἐκκλησίας
599 1040 739 1126 κτήματα
761 1065 815 1104 και
837 1038 1041 1123 ὑπάρχοντα,
1059 1038 1142 1101 αλλ’
1168 1038 1213 1114 τίς
1236 1034 1359 1105 ἔννοιαν
1379 1040 1435 1105 καί

310 1150 449 1228 5σκέψιν
467 1145 571 1209 ε’λθων
592 1145 751 1232 ἐξελέξατο
773 1132 874 1223 ανδρα
896 1163 1000 1220 τιμιον
1022 1138 1075 1203 καί
1098 1139 1238 1221 εόλαβη,
1261 1134 1433 1222 εόόρεστον

335 1250 401 1332 θεῷ
422 1272 474 1311 και
469 1246 700 1329 ἀνθρώποις,
734 1239 788 1305 τὸν
809 1241 866 1305 τοῦ
896 1236 1190 1322 α’ρχιμανδρείουζ
1171 1236 1342 1321 ηγοόμενον
1365 1242 1396 1303 Γ
1395 1264 1434 1301 α

335 1346 440 1431 βριὴλ,
464 1344 499 1423 ός
519 1349 573 1412 καί
592 1347 647 1411 τοῦ
669 1344 896 1429 ἀρχιερατικοῦ
915 1340 1032 1423 θρόνου
1055 1335 1187 1425 ὕστερον
1209 1336 1316 1425 ἐπέβη.
1360 1343 1432 1405 τοῦ·
1503 1338 1504 1341 '

334 1470 388 1512 τον
410 1450 444 1511 έκ
465 1444 692 1532 παρακλήσεως
712 1445 828 1526 πολλῆς
850 1444 907 1505 τοῦ
932 1438 1128 1505 δεσποτότου
1151 1438 1205 1505 καί
1225 1443 1287 1505 τῶν
1306 1444 1361 1524 τῆς
1383 1442 1434 1505 ε’κ-

335 1547 463 1633 κλησίας
502 1544 663 1632 ἀρχόντων
694 1548 893 1629 προσέφερον
926 1544 964 1629 τῇ
997 1537 1155 1628 ἁγιωτάτῃ
1191 1542 1357 1631 ἐκκλησίην,
1392 1542 1463 1627 τῇ,

293 1648 442 1736 1θτιροότη
465 1651 522 1713 τοῦ
541 1645 746 1731 Ἰανουαρίου
766 1643 875 1729 μηνός,
896 1645 951 1707 καί
973 1640 1162 1727 όποψήφιον
1185 1639 1282 1706 αόιόν
1305 1641 1432 1724 ω’νόμα*

336 1772 396 1813 σαν
414 1749 469 1813 καί
488 1751 649 1833 ἐτίμησαν.
676 1762 680 1782 ¹
1362 1790 1364 1799 s

437 1851 488 1939 Τῷ
509 1850 598 1937 αὐτῷ
620 1846 681 1914 ἔτει
704 1846 821 1932 όπῆγεν
842 1845 859 1909 ό
879 1843 1027 1931 δεσπότης
1048 1847 1092 1920 εἰς
1111 1844 1165 1910 τόν
1184 1846 1318 1931 α’μηρόν.
1363 1842 1433 1909 τότε

334 1954 389 2017 καί
410 1947 524 2035 lipsani
552 1954 657 2033 γέγονε
690 1949 812 2034 μεγάλη
841 1944 895 2011 ε’πί
920 1949 976 2011 τοῦ
997 1948 1220 2029 καμπαναρίου
1256 1948 1313 2010 rori
1335 1969 1432 2027 μονα·

334 2053 479 2137 στηρίου,
501 2055 558 2115 καί
577 2051 685 2134 ψυχαί
714 2053 941 2132 δεκατέσσαρες
974 2044 1220 2134 έβροντὴθησαν.
1263 2044 1375 2168 ἔστησε
1398 2049 1432 2113 δὲ

292 2173 391 2238 151sz
413 2148 641 2234 έκκλησι’“αν,
620 2177 687 2235 ητις
714 2176 751 2235 ην
774 2147 889 2267 ἔρημος
910 2148 1001 2231 τότε,
1025 2145 1082 2211 ό
1064 2143 1258 2233 υποψὴφιος,
1284 2148 1336 2211 καί
1358 2145 1432 2221 τοός

332 2249 607 2337 ε’κκλησιαστικοός
629 2248 710 2336 πρός
728 2248 843 2316 ἑαυτὸν
876 2252 1098 2315 συνέστειλεν·
1147 2248 1298 2330 ε’ποιμανε
1319 2250 1353 2312 δὲ
1374 2272 1432 2366 την

333 2355 500 2437 έκκλησιάν
528 2356 631 2428 καλοῖς
654 2357 709 2417 καί
738 2356 899 2437 θεοφιλῶς
922 2351 1057 2436 χρόνους
1081 2348 1159 2432 δόο,
1193 2355 1248 2416 καί
1269 2352 1313 2427 εἰς
1322 2348 1432 2433 τιμην

333 2450 534 2536 καῖ’βουλην
558 2452 613 2515 καί
640 2452 780 2538 μεγόλην
810 2444 934 2536 όγόπην
966 2451 995 2515 οἱ
1022 2400 1175 2517 αόθέντόιι
1206 2449 1304 2517 αὐτόν
1334 2446 1430 2532 εἶχον.

332 2557 366 2619 έν
385 2551 447 2619 ἔτει
470 2556 505 2618 δὲ
525 2554 628 2633 6895,
654 2556 826 2618 ἰνδικτιῶνι
848 2551 887 2633 α’,
910 2550 972 2616 α’πό
999 2554 1034 2615 δὲ
1054 2554 1200 2636 Χριστοῦ
1223 2554 1322 2634 1388,
1344 2552 1432 2641 κοινῇ

282 2654 457 2720 'londanus
484 2658 584 2742 βουλῇ
611 2658 775 2720 στέλλεται
796 2645 887 2729 οὗτος
921 2650 937 2716 ό
962 2653 1133 2740 όποψήφος
1158 2656 1203 2730 είς
1225 2658 1432 2720 Κωνσταντι-

332 2752 489 2836 νοόπολιν,
510 2754 609 2841 μηνός
626 2756 817 2842 Ἀπριλλίου
829 2758 879 2842 93,
901 2754 1024 2820 κόκειοε
1043 2758 1170 2840 ε’ποιήοε
1189 2781 1290 2842 μηνας
1309 2754 1429 2822 ε’νδεκα.
1437 2755 1441 2764 ’
1462 2763 1464 2766 ’

332 2860 475 2922 ἐνταῦθα
510 2858 546 2922 δὲ
573 2859 702 2976 είσηλθε
735 2852 789 2922 τόν
812 2853 983 2942 ἐρχόμενον
1014 2857 1152 2944 χρόνον,
1183 2882 1259 2943 μηνι
1253 2854 1428 3008 Μαρτίῳ,
1495 2927 1496 2932 ,

332 2961 467 3048 κυριακῇ
489 2959 575 3047 τρίτη
597 2962 656 3025 τιόν
678 2962 839 3045 νηστειῶν.
1390 3021 1393 3030 ,
1434 2947 1437 2960 s
1530 2964 1536 2976 ’

330 3263 464 3327 dominus,
485 3261 584 3315 Christi
598 3279 715 3332 amans,
733 3263 904 3315 voluntatem
924 3262 1069 3316 Serborum
1096 3282 1152 3318 non
1172 3272 1214 3318 est
1232 3274 1347 3329 secutus,
1366 3284 1426 3320 eum

329 3336 372 3387 illi
391 3335 425 3387 ab
447 3351 479 3386 eo
499 3343 639 3404 peterent,
664 3344 695 3387 nt
711 3334 764 3386 sibi
790 3334 861 3386 bona
882 3343 910 3387 et
933 3339 1117 3404 possessiones
1136 3337 1265 3397 ecclesiae
1284 3337 1427 3406 permitte·

330 3415 381 3470 ret,
398 3406 445 3458 sed
467 3407 632 3475 cogitatione
652 3415 680 3458 et
698 3406 897 3458 deliberatione
917 3407 1051 3470 instituta,
1072 3409 1248 3476 elegitvirum
1268 3408 1378 3476 dignum
1393 3418 1427 3462 et

329 3488 445 3541 cautum,
464 3487 577 3547 gratum
587 3478 638 3532 deo
657 3487 685 3530 et
698 3478 863 3540 hominibus,
883 3478 1079 3530 drchimanslrii
1100 3480 1252 3547 praesidem
1264 3481 1426 3544 Gabrielem,

329 3550 376 3620 qui
396 3550 517 3622 episcopi
538 3551 635 3602 solium
655 3558 750 3620 postea
771 3518 899 3602 ascendit.
920 3551 993 3602 hunc
1012 3553 1094 3618 igitur
1115 3560 1224 3621 propter
1242 3552 1426 3604 hortationem

303 3621 440 3673 -snultam
459 3622 596 3691 despotati
622 3629 650 3673 et
676 3622 830 3706 praesidum
858 3622 986 3674 ecclesiae
1012 3623 1046 3673 ad
1074 3624 1213 3674 ecclesiam
1233 3624 1426 3675 sanctissimam

326 3692 511 3755 adduxerunt,
542 3695 628 3762 primo
648 3693 693 3744 die
715 3695 814 3745 mensis
833 3693 971 3758 Ianuarii,
993 3703 1021 3746 et
1039 3695 1107 3745 clam
1129 3703 1246 3747 creatum
1266 3712 1327 3746 eum
1345 3713 1426 3749 voca·

329 3774 392 3817 runt
410 3765 644 3834 honoraruntqns.

425 3853 525 3905 Eodem
543 3870 614 3904 anno
633 3861 761 3921 tyrannus
771 3854 806 3905 ad
819 3872 934 3906 amoram
950 3857 978 3926 (i.
992 3870 1015 3910 e.
1034 3813 1164 3920 nobilem,
1177 3855 1327 3921 Sullanum,
1345 3823 1427 3928 Emis)

301 3965 305 3975 .
328 3943 355 3977 se
375 3925 498 3977 contulit.
535 3933 593 3976 tum
614 3926 696 3977 etiam
716 3926 845 3978 fulmen'
838 3945 867 3980 sn
885 3928 976 3980 turrim
996 3928 1191 3996 campanariam
1208 3929 1391 3980 monasterii'
1382 3947 1428 3982 sn.

327 3997 401 4060 cidit,
420 4004 448 4049 st
466 3997 670 4066 quatuordecim
692 3996 815 4049 homines
841 4001 887 4052 icti
915 4006 979 4051 sunt
997 3998 1119 4051 lulmine.
1165 4001 1317 4071 composuit
1336 4010 1426 4054 autem

288 4074 290 4082 ’
328 4068 484 4130 ecclesiam,
507 4085 578 4138 quae
597 4076 655 4120 tum
674 4078 732 4122 crat
752 4068 875 4131 deserta,
894 4073 962 4123 clam
983 4078 1104 4134 creatus,
1126 4079 1154 4122 et
1172 4072 1369 4124 ecclesiasticos
1392 4073 1429 4126 ad·
1475 4082 1478 4087 '

327 4157 354 4190 se
374 4141 475 4206 coegit,
494 4139 693 4193 administrarit
711 4149 801 4192 autem
819 4141 890 4194 bens
911 4151 939 4194 et
962 4143 1007 4211 pie
1027 4142 1167 4193 ecclesiam
1186 4159 1235 4212 per
1254 4143 1321 4195 duos
1339 4163 1424 4198 annos

326 4220 354 4262 et
374 4212 402 4261 in
430 4211 533 4262 honore
563 4221 591 4263 ct
618 4213 732 4263 consilio
754 4221 781 4264 et
799 4227 895 4279 magno
926 4229 1025 4264 amors
1038 4214 1173 4282 principes
1194 4231 1255 4266 eom
1276 4214 1425 4270 hebebant.

325 4299 398 4334 auno
415 4281 495 4343 6895,
516 4282 671 4335 indictionis
691 4285 831 4353 primo,p.
848 4284 909 4336 Chr.
923 4303 950 4337 n.
966 4281 1042 4348 1388,
1062 4287 1197 4338 communi
1218 4288 1337 4339 omnium
1357 4305 1422 4339 con-

325 4355 388 4405 silio
406 4353 451 4404 hic
469 4355 538 4406 clam
557 4365 660 4407 creatus
672 4356 937 4427 Constantinopolim
954 4374 982 4408 sa
1002 4357 1116 4420 confert,
1139 4359 1245 4420 mensis,
1257 4360 1356 4428 Aprilis
1377 4359 1423 4410 die

324 4424 369 4488 23,
387 4424 481 4496 ibique
498 4443 603 4479 menses
621 4428 746 4479 undecim
765 4435 884 4480 moratus
906 4436 954 4480 est
983 4437 1037 4481 tum
1060 4445 1129 4480 anno
1149 4439 1280 4502 sequente
1299 4447 1421 4488 reversus

325 4503 376 4561 est,
394 4511 485 4578 mense
503 4499 601 4553 Martio
620 4500 699 4554 tertia
718 4498 852 4554 dominica
869 4517 1002 4554 sacrorum
1029 4500 1302 4573 quadragesimorum
