3692 5350
784 551 985 614 romaica.
1083 528 1109 567 ·’
1378 547 1425 618 69

337 703 376 788 τῇ
400 704 613 786 πατριαρχιίη
630 700 766 782 χρόνους
787 701 838 778 ἕξ,
860 693 927 764 εἶτα
949 697 1133 763 σκανδάλων
1153 699 1323 780 γεγονότων
1345 705 1426 782 μετά

334 823 419 874 τινος
442 797 583 881 [appoll
603 801 747 880 μουαχοῦ
768 801 891 882 ἐξῆλθε,
912 799 967 862 καί
987 801 1115 880 εἰσῆλθε
1138 796 1231 862 πάλιν
1251 800 1268 862 ὁ
1290 799 1443 885 Νῆστιν,-

335 903 390 961 καί
410 901 545 978 διέμεινε
565 897 680 978 χρόνον
702 896 786 972 ἕνα,
811 892 880 960 εἶτα
900 901 956 960 καί
984 890 1082 970 αὖθις
1100 899 1283 962 σκανδάλων
1303 893 1430 980 γεγονό-

334 1023 396 1070 των
419 999 537 1078 ἐγένετο
567 995 742 1078 ὁΛράμας
758 996 912 1074 Ἰωακτίμ,
945 993 981 1069 δς
1004 987 1043 1077 ἢν
1062 999 1118 1059 τοῦ
1137 1002 1235 1079 κυροῦ
1255 1002 1427 1063 Διονυσίου
1460 1058 1462 1061 .

308 1094 519 1179 ὅκαλόγηρος.
539 1089 577 1178 ἧν
598 1098 633 1159 δὲ
653 1099 719 1170 νέος
739 1101 799 1176 μὲν
811 1093 866 1178 τὴν
888 1088 1024 1177 ἡλικίαν,Ι
1045 1095 1202 1179 χρήσιμος
1216 1099 1251 1159 δὲ
1271 1097 1328 1179 τήν
1348 1098 1429 1180 γνιά·

334 1221 399 1278 μην
421 1193 475 1258 καί
494 1195 699 1276 ἀγαπώμενος
732 1192 819 1276 παρά
851 1193 984 1258 πάντων.
1035 1192 1070 1269 tr
1090 1194 1144 1258 καί
1162 1197 1195 1259 ἒν
1214 1194 1331 1284 Ἰβηρίᾳ
1353 1201 1430 1261 ἑπο-

335 1295 461 1379 ρτάθη,
482 1296 536 1357 καί
556 1291 586 1358 οἱ
605 1297 672 1357 ἐκεῖ
692 1294 819 1378 Ἰβήρων
850 1285 1001 1376 ἄρχοντες
1022 1288 1038 1356 ὅ
1058 1316 1092 1357 τι
1112 1293 1355 1377 άρχιεπίσκοπος
1375 1302 1431 1362 καί

336 1393 366 1456 οἱ
387 1396 552 1458 ἐπίσκοποι
574 1393 801 1474 ἀποδεξάμενοι
824 1396 965 1458 δὲδωκαν
986 1390 1107 1477 δωρεάς
1129 1391 1246 1467 πολλάς
1267 1397 1322 1457 καί
1343 1389 1431 1479 ἐλεη-

335 1496 477 1571 μοσύνας
499 1496 553 1556 καί
574 1491 727 1576 βοήθειαν
745 1492 936 1576 ἀρκοῦσαν·
987 1490 1022 1556 δν
1040 1491 1079 1575 δη
1103 1492 1235 1556 ἐλθόντα
1256 1490 1376 1557 ἐκεῖθεν
1397 1497 1431 1558 ἐν

292 1595 380 1676 λθτῷ
410 1594 628 1680 πατριαρχιίῳ
657 1591 830 1675 εἰρηνεύειν
858 1594 916 1654 οάκ
948 1593 1087 1678 άφῆκαν.
1141 1595 1268 1675 ἐποίησε
1297 1595 1358 1674 γάρ
1382 1617 1431 1666 τις

335 1694 518 1772 Σηλυβρίας
540 1694 779 1775 μητροπολίτης,
798 1690 877 1774 ἀνὴρ
901 1691 1036 1774 πονηράς
1056 1693 1111 1753 καί
1129 1692 1313 1775 φαυλόβιος,
1336 1691 1432 1768 άξίως

335 1792 539 1875 παιδευθείς,
560 1790 742 1874 προσθήκην
765 1789 799 1854 ἐν
821 1795 864 1877 τῷ
890 1795 1055 1876 χαρατζιλμ
1077 1794 1203 1874 φλωρία
1224 1793 1315 1871 χιλια
1338 1789 1433 1855 άτινα

335 1893 393 1952 καί
410 1889 456 1970 μὴ
480 1889 669 1970 βουλόμενος
693 1893 805 1952 δοῦναι
826 1889 843 1952 δ
867 1890 1067 1978 πατριάρχης
1089 1887 1169 1972 πλην
1189 1887 1295 1975 γνώμη
1317 1890 1432 1973 α’ρχιτ-

337 1992 419 2069 ρέων
440 1993 495 2051 καί
514 1990 569 2052 τοῦ
591 1993 669 2051 λαοῦ
692 1987 840 2074 ἔστερξεν.
875 1984 987 2065 άλλως
1007 1989 1068 2072 γάρ
1091 1988 1142 2054 τά,
1152 1991 1250 2072 χείρω
1272 1993 1358 2054 ἐνίκα
1378 1994 1433 2056 καί

293 2087 354 2159 156
378 2087 535 2172 δυνάστης
553 2091 699 2173 ἐκάθητο.

420 2188 540 2269 Ὀλίγον
561 2192 596 2253 δὲ
617 2188 751 2273 ὕστερον
771 2195 887 2273 συνέβη
910 2214 942 2252 τι
972 2191 1112 2254 τοιοῦτον
1139 2189 1325 2254 σκάνδαλον.
1374 2213 1432 2252 πυ.

336 2294 510 2373 ρευομὲνου
535 2292 593 2352 τοῦ
614 2291 791 2354 σουλτάνου
818 2294 863 2366 εἰς
899 2299 964 2366 τοῖς
989 2275 1113 2373 μέρεσι
1131 2293 1190 2352 τοῦ
1222 2292 1432 2353 Καταστένου

332 2393 470 2473 πλησίον
489 2389 610 2471 χωρίου
633 2395 797 2470 λεγομένου
813 2389 1069 2475 χρυσοκεράμου,
1090 2392 1146 2454 τοῦ
1171 2387 1274 2453 ἐπάνω
1297 2393 1432 2472 Χρυσο-

337 2492 469 2570 πόλεως,
492 2486 513 2569 ἢ
532 2494 587 2552 νῦν
602 2477 723 2571 λέγεται
739 2491 930 2574 Σκοάταρον,
944 2487 1101 2553 ἐθεάσατο
1116 2491 1150 2553 ἐν
1169 2492 1207 2576 τῇ
1218 2487 1309 2575 χάρη
1331 2485 1430 2576 ταάτη

292 2582 424 2660 walnas
444 2591 500 2652 ἕνα
522 2590 600 2667 μετά
622 2591 767 2673 κεράμων
789 2591 924 2675 ὡραίων,
946 2589 1000 2653 καί
1021 2590 1163 2675 η’ρωτησε
1191 2591 1226 2652 τί
1241 2593 1356 2668 τοῦτο,·
1378 2591 1433 2652 καί

339 2692 373 2753 ὲν
396 2689 548 2773 ἁπλότητι
577 2690 607 2754 οἱ
635 2692 783 2775 ἐγχώριοι
804 2684 1010 2776 οἷπεκρίναντο
1033 2688 1082 2754 ὅτι
1110 2687 1126 2752 δ
1149 2688 1345 2774 πατριάρχης
1364 2684 1432 2752 εἶπε
1480 2708 1483 2714 ’

340 2929 450 2989 mqnte3
468 2919 501 2971 de
524 2938 577 2991 qno
597 2922 668 2971 varia
691 2920 760 2970 lama
780 2921 831 2971 luit
848 2936 953 2989 sparsa,
984 2921 1032 2971 sed
1050 2922 1152 2989 nemini
1172 2929 1358 2990 praeterquam
1378 2922 1429 2973 deo

315 3010 316 3013 ’
339 2996 440 3045 veritas
453 2994 569 3059 cognita.
592 2993 680 3059 exegit
698 2995 727 3043 in
746 2990 830 3042 officio
845 3008 931 3042 annos
951 3008 1004 3044 sex.
1043 2992 1107 3043 inde
1127 2994 1183 3042 risa
1204 2993 1381 3063 interipsum
1403 3001 1431 3043 et

340 3064 478 3132 quendam
498 3063 656 3113 monachum
668 3063 821 3113 Gabrielem
837 3065 945 3113 nomine
967 3072 1023 3114 orta
1044 3066 1163 3124 excessit.
1203 3064 1435 3114 incuiuslocum·
1473 3129 1475 3134 ,

341 3136 424 3185 rediit
442 3134 542 3201 Nipho,
564 3152 594 3183 ac
615 3136 762 3204 permansit
780 3150 879 3186 annum
899 3150 989 3185 unum.
1034 3136 1123 3185 r'ursns
1148 3134 1211 3185 dein
1233 3135 1344 3185 dissidio
1365 3142 1431 3184 nato

340 3207 470 3256 successit
494 3206 604 3255 Uramae
623 3206 797 3273 metropolita
816 3207 956 3267 loacimus,
977 3206 1023 3273 qui
1036 3206 1157 3271 Dionysii
1172 3207 1260 3256 fuerat
1277 3205 1431 3257 monachus.

342 3286 400 3327 erat
419 3276 441 3326 is
459 3284 547 3325 aetate
571 3276 679 3345 quidem
698 3278 810 3339 iuvenis,
836 3274 1023 3343 sefflingenio
1052 3277 1227 3344 moribusque
1257 3276 1386 3345 probatus
1405 3284 1433 3327 et

342 3357 432 3413 gratus
452 3346 586 3396 omnibus.
622 3347 759 3415 proiectus
790 3355 831 3397 est
851 3348 879 3397 in
900 3346 1012 3397 iberiam
1030 3344 1076 3396 seu
1098 3348 1295 3412 Georgianam,
1315 3347 1432 3411 benigne

342 3419 380 3467 ibt
402 3418 435 3467 ab
457 3420 514 3467 eius
535 3419 652 3483 regionis
679 3418 847 3486 principibus
876 3417 1078 3486 archiepiscopo
1098 3426 1125 3467 et
1145 3418 1277 3484 episcopis
1296 3425 1432 3483 exceptus,

339 3490 433 3539 multis
458 3489 610 3538 muneribus
638 3492 765 3551 affectus,
785 3506 845 3537 cnm
868 3489 1040 3556 eleemosyna
1070 3495 1096 3537 et
1113 3487 1255 3547 subsidio,
1276 3487 1349 3555 quod
1369 3487 1434 3535 satis

343 3569 422 3622 esset,
439 3559 590 3609 liberaliter
609 3558 743 3609 dimissus.
781 3558 828 3609 scd
845 3577 895 3609 nec
915 3559 979 3609 huic
998 3559 1074 3608 illinc
1092 3557 1200 3607 domum
1214 3573 1318 3607 reverso
1336 3573 1386 3623 pax
1407 3564 1435 3607 et

343 3632 420 3698 quies
442 3646 576 3680 concessa.
623 3632 714 3681 extitit
739 3631 810 3680 enim
836 3632 946 3698 qnidam
965 3631 1050 3679 malus
1080 3636 1108 3678 et
1126 3630 1196 3677 vitae
1217 3627 1323 3678 infamis
1343 3626 1434 3687 homo,

344 3702 390 3767 qni
413 3718 471 3750 cum
491 3700 628 3767 Selybriae
646 3698 845 3769 metropolitam
866 3703 982 3768 egisset,
1012 3700 1119 3767 dignam
1146 3699 1221 3747 factis
1247 3700 1301 3747 suis
1319 3699 1434 3763 castiga·

343 3774 446 3821 tionem
466 3788 558 3840 passos
578 3772 674 3821 luerat.
710 3774 733 3823 is
753 3771 936 3823 adtributum
958 3772 1089 3820 usitatum*
1103 3769 1269 3818 additionem
1291 3768 1366 3818 mille
1384 3785 1433 3817 au-

344 3858 449 3891 reorum
477 3842 550 3892 lecit.
594 3858 672 3910 quam
702 3860 760 3891 cum
790 3843 940 3911 patriarcha
968 3848 1132 3900 recusasset,
1163 3838 1270 3889 tandem
1291 3839 1324 3889 de
1342 3839 1434 3907 ponti-

263 3964 268 3970 ,
343 3912 422 3962 ficum
441 3919 469 3962 et
487 3913 582 3980 populi
601 3914 734 3963 sententia
757 3913 873 3963 admisit.
911 3923 938 3964 et
955 3913 1058 3981 alioqui
1078 3910 1196 3960 deterior
1212 3905 1294 3960 causa
1308 3910 1435 3960 vincebat

343 3985 497 4049 meliorem5
518 3984 610 4054 etqui
629 3985 654 4035 vi
676 4001 770 4052 cogere
792 3992 908 4052 poterat,
929 3993 1037 4052 praetor
1056 3980 1176 4031 sedebat.

430 4070 487 4121 Nec
515 4072 601 4122 multo
621 4072 763 4121 interiecto
784 4080 904 4138 tempore
931 4087 999 4120 nova
1020 4068 1152 4137 quaedam
1171 4066 1285 4118 offensio
1309 4067 1431 4118 accessit.

344 4156 401 4190 cnm
420 4142 543 4191 soltanus
562 4143 588 4191 in
609 4141 778 4211 Propontidis
804 4142 927 4207 *partibus
947 4148 1114 4199 versaretur,
1134 4157 1218 4208 prope
1238 4138 1327 4188 locum
1349 4136 1435 4203 Chry-

344 4228 505 4261 soceramum
525 4213 655 4273 nomine,
683 4230 761 4279 supra
780 4211 957 4279 Clrrysopolin
975 4210 1066 4277 (quam
1096 4227 1166 4258 nunc
1184 4210 1306 4259 Scutarin
1325 4211 1433 4272 vocant)

345 4282 434 4343 situm,
453 4284 683 4351 lorte'conspexit
713 4284 751 4333 ibi
778 4282 884 4332 domurn
910 4281 1028 4349 pulchris
1044 4282 1143 4346 tegulis
1170 4289 1278 4342 tectam
1303 4276 1382 4329 etde
1401 4296 1433 4328 ea

347 4354 480 4419 quaesivit
498 4354 563 4422 qnid
583 4362 662 4403 esset.
682 4354 878 4421 responderunt
897 4352 1011 4411 incolae,
1036 4359 1066 4402 nt
1085 4352 1208 4402 homines
1226 4352 1371 4420 simplices,
1390 4350 1433 4399 in·

349 4439 432 4489 genoe
450 4432 511 4476 “est
530 4425 581 4476 hoc
600 4424 754 4493 imperator,
773 4430 891 4475 nostrum
913 4423 1060 4492 templnm3
1082 4432 1110 4475 et
1128 4423 1156 4473 id
1173 4425 1247 4474 iussu
1266 4418 1432 4490 patriarchae
