3692 5350
470 567 540 637 2‘82
916 567 1113 632 Bistonis

467 693 733 776 διαπραττόμενον
754 683 903 774 άντικρυς
922 690 959 754 τό
984 693 1042 753 τοῦ
1057 693 1199 768 Σίμωνος
1220 682 1495 768 παρανομώτατον
1514 687 1566 746 καί

466 797 676 874 ἀσεβέστατον
698 777 799 873 ἔργον,
822 791 876 853 καί
897 793 1088 868 strennua,
1112 787 1156 860 τός
1173 787 1299 858 οἰκείοις
1319 787 1462 865 χείλεσιν
1483 782 1564 861 νόμο-

466 891 597 975 λόγησε,
622 889 677 952 τόν
701 888 840 952 εἰκοστόν
863 886 992 952 ἔννατον
1013 885 1130 950 κανόνα
1159 891 1222 948 τῶν
1242 883 1342 964 άγίων
1364 882 1561 954 άποστόλων,

465 990 520 1056 τόν
542 993 703 1075 φάσκοντα
726 987 846 1051 οότωσί
871 985 927 1049 “εὶ’
950 1009 998 1060 τις
1026 984 1193 1056 ἐπίσκοπος
1223 980 1275 1044 διά
1301 980 1478 1063 χρημάτων
1511 981 1563 1059 τῆς

466 1091 556 1168 άξίας
579 1089 696 1173 ταύτης
722 1084 873 1169 ἐγκρατὴς
906 1090 1052 1169 γένηται,
1082 1079 1103 1165 ἢ
1133 1078 1345 1166 πρεσβύτερος
1369 1074 1387 1160 ἢ
1411 1077 1584 1159 uiduarum

466 1194 683 1271 καθαιρείσθω
706 1187 761 1250 καί
782 1180 881 1260 αότός
911 1190 966 1248 καί
987 1180 1003 1246 ό
1028 1180 1263 1264 χειροτονόσας,
1285 1181 1340 1242 καί
1362 1180 1563 1240 ἐκκοπτέσθω

464 1289 644 1351 παντάπασι
666 1288 720 1350 καί
746 1288 801 1366 τῆς
831 1286 1015 1360 κοινωνιάς,
1043 1278 1086 1354 τός
1106 1283 1214 1359 Σίμων
1245 1278 1261 1340 ό
1284 1272 1385 1357 μάγος
1408 1271 1465 1336 ὑπ’
1486 1277 1564 1354 ἐμοῦ

466 1388 624 1468 Πέτρου.”
664 1383 743 1465 πρός
766 1385 800 1446 δὲ
835 1385 889 1446 καί
912 1379 1124 1461 ἐκποιήσαντα
1148 1376 1237 1453 ἐκτός
1263 1373 1401 1458 α’νάγκης
1422 1395 1564 1436 κατεπει.

464 1485 590 1568 γσάσης,
612 1486 666 1547 καί
683 1481 784 1563 χωρίς
812 1480 938 1563 γνώμης
966 1480 1133 1557 συνοδικῆς
1161 1470 1350 1558 ἢείδησεως
1372 1475 1437 1536 τεόν
1459 1477 1565 1553 κληρι-

465 1588 547 1660 κῶν,
572 1579 608 1644 τά
631 1585 664 1644 ἐν
683 1583 720 1665 τῇ
736 1581 847 1662 Κρήτῃ
870 1576 931 1661 πρό
948 1579 1072 1660 χρόνων
1089 1569 1335 1669 α’μνημονεόττσν
1356 1571 1599 1656 α’φιερωμέναλθ

465 1678 604 1760 κτήματα
625 1682 680 1760 τῆς
698 1680 868 1759 καθολικῇς
889 1673 1028 1758 μεγάλης
1048 1676 1223 1756 ἐκκλησίας,
1253 1665 1294 1745 σός
1317 1669 1373 1732 καί
1392 1672 1468 1750 περὶ
1491 1666 1565 1730 τοό-

395 1787 396 1790 ’
465 1801 520 1840 τσυ
546 1776 738 1858 ὡμολόγησε,
760 1777 815 1838 τοῦ
828 1776 972 1837 εἰκοστοῦ
985 1777 1076 1836 ἓκτου
1094 1770 1219 1846 κανόνος
1234 1773 1290 1851 τῆς
1313 1772 1347 1832 ἐν
1368 1771 1563 1851 Καρθαγένη

466 1878 640 1960 φάσκοντος
661 1875 797 1955 “όμοίισς
819 1868 929 1956 ἤρεσεν
948 1875 1000 1937 ἵνα
1023 1874 1152 1955 πρᾶγμα
1173 1866 1432 1952 ἐκκλησιαστικὸν
1453 1872 1565 1951 μηδείς

465 1976 636 2062 πιπράσκῃ.
680 1972 756 2056 ὅπερ
782 1974 838 2037 ἐάν
860 1971 1015 2055 πρόσοδον
1034 1972 1078 2053 μὴ
1103 1968 1160 2057 ἔχη
1187 1969 1242 2033 καί
1263 1967 1361 2050 πολλή
1386 1992 1434 2040 τις
1457 1972 1563 2052 ἐπείγῃ

465 2070 591 2156 α’νάγκη,
611 2077 703 2137 τοῦτο
723 2077 909 2156 ἐμφανίζειν
931 2076 975 2158 τῷ
995 2070 1188 2151 πρωτεύοντι
1207 2073 1263 2150 τῆς
1276 2064 1373 2149 αότῆς
1398 2070 1563 2148 ἐπαρχίας,
1573 2079 1601 2130 15

465 2176 519 2254 καί
543 2172 623 2251 μετά
656 2176 711 2234 τοῦ
744 2173 921 2251 ὡρισμένου
957 2172 1102 2251 α’ριθμοῦ
1126 2173 1189 2233 τῶν
1218 2167 1397 2233 ἐπισκόπων
1416 2166 1565 2247 βουλτόε.

465 2276 542 2332 σθαι
563 2273 598 2332 τί
615 2273 668 2331 δεῖ
684 2273 812 2351 πρᾶξαι.
861 2271 891 2331 εἰ
910 2269 944 2331 δέ
967 2264 1106 2350 τοσαότη
1132 2270 1240 2346 ἐπέχει
1274 2265 1395 2346 α’νάγκη
1428 2267 1484 2344 τῆς
1515 2265 1565 2328 ἐκ·

460 2365 595 2450 κλησίας
624 2367 667 2443 τός
696 2368 738 2450 μη
766 2365 924 2430 diruatur
952 2364 1011 2447 πρό
1032 2369 1088 2429 τοῦ
1116 2371 1231 2428 πωλεῖν
1252 2357 1466 2445 βουλεύεσθαι
1475 2408 1485 2440 ,
1508 2354 1565 2423 κάν

465 2463 538 2538 τοός
559 2469 757 2548 γειτνιῶντας
789 2468 833 2539 εἰς
864 2471 1046 2549 μαρτυρίαν
1075 2468 1201 2528 καλέσει
1223 2462 1240 2527 ό
1266 2466 1445 2539 ἐπίσκοπος,
1463 2483 1566 2546 φρον-

464 2568 537 2629 τίόα
556 2566 743 2645 ποιούμενος
766 2570 823 2630 τοῦ
845 2566 1011 2643 άποόεῖξαι
1032 2568 1070 2653 ’τῇ
1090 2563 1215 2651 συνόδιρ
1233 2563 1337 2638 πάσας
1358 2563 1414 2644 τάς
1433 2554 1600 2650 candui-20

466 2689 526 2738 σας
546 2667 582 2750 τῇ
603 2664 750 2754 ἐκκλησίᾳ
784 2667 884 2729 artaud
912 2663 1135 2751 περιστάσεις·
1187 2661 1263 2745 ὅπερ
1293 2664 1323 2727 εἰ
1349 2661 1394 2747 μή
1428 2662 1565 2744 ποιησει,

463 2764 641 2839 ὑπεύθυνος
663 2769 706 2852 τρῖ
727 2770 794 2852 θεῷ
817 2769 871 2830 κατ’
890 2768 928 2851 τῇ
949 2762 1072 2852 συνόδῳ
1100 2766 1214 2849 φανείη
1240 2759 1256 2824 ό
1279 2760 1487 2845 πιπράσκων,
1514 2764 1566 2823 κατ’

466 2862 631 2945 άλλότριος
653 2869 707 2946 τῆς
730 2867 846 2938 οἰκείας
868 2867 991 2948 τιμῆς.”
1031 2861 1076 2927 ἐτι
1102 2867 1138 2928 δὲ
1154 2866 1209 2926 καί
1227 2866 1433 2945 καθαιρέσεις
1454 2855 1564 2943 άρχιε·

467 3115 585 3184 deniqne
608 3134 666 3167 eum
680 3119 729 3187 'qui
742 3127 833 3186 aperte
846 3134 873 3169 se
892 3119 1064 3188 iniquissimo
1074 3127 1102 3172 et
1122 3137 1224 3172 summe
1243 3120 1451 3189 impioSimonis
1463 3121 1566 3173 scelere

421 3231 428 3235 .
466 3188 621 3239 astrinxerit
637 3197 729 3256 atque,
747 3199 776 3239 ut
796 3198 901 3241 suomet
921 3207 967 3257 ure
981 3192 1120 3241 consessus
1139 3201 1188 3251 est,
1208 3190 1242 3243 29
1260 3209 1390 3241 cntionem
1404 3192 1432 3240 S.
1453 3200 1565 3259 aposto·

467 3256 553 3307 lorum
573 3260 779 3321 conculcaverit,
800 3262 899 3311 diserte
922 3263 959 3311 sic
978 3261 1110 3313 dicentem
1141 3263 1182 3312 “si
1204 3256 1264 3331 q'uis
1284 3265 1426 3331 episcopus
1447 3264 1566 3331 pecnnia

466 3328 528 3378 data
550 3327 630 3379 huius
649 3331 790 3397 diguitatis
810 3349 919 3401 compos
938 3332 1023 3383 sactus
1038 3333 1120 3383 suerit
1139 3340 1187 3383 sut
1206 3332 1346 3400 presbyter
1364 3333 1405 3383 vel
1424 3333 1565 3395 diaconus,

467 3399 612 3466 deponitor
633 3403 735 3469 etipse
757 3405 849 3471 etqui
869 3408 931 3452 euru
950 3404 1201 3471 designarit‚etque
1219 3420 1327 3471 prorsus
1346 3407 1565 3455 ecommunione

402 3478 406 3482 '
467 3471 640 3532 exscinditur,
660 3474 729 3523 sicut
749 3474 842 3524 Simon
861 3490 952 3540 magus
969 3491 984 3523 e
1004 3490 1046 3523 me
1059 3475 1164 3525 Petro.''
1201 3474 1312 3538 insuper
1332 3471 1564 3541 deprehendimus

468 3558 539 3601 essm,
559 3542 635 3592 nullsi
654 3547 817 3595 necessitate
838 3553 959 3610 urgente,
979 3545 1079 3594 iniussu
1102 3534 1164 3594 ilius
1188 3543 1294 3609 synodi,
1315 3545 1422 3594 nemine
1443 3545 1562 3596 clerico·
1616 3597 1618 3600 ,

467 3628 522 3660 rom
541 3614 661 3673 sciente,
689 3616 820 3664 alienasse
842 3614 1028 3681 possessiones
1058 3614 1208 3664 catholicae
1237 3630 1348 3681 magnae
1377 3614 1512 3665 ecclesiae
1537 3617 1564 3665 in

411 3678 414 3683 ’
466 3681 542 3731 Creta
565 3684 661 3743 insula,
681 3692 743 3734 ante
764 3692 884 3751 tempora
914 3685 1069 3734 memoriam
1089 3684 1260 3752 effugientis,
1286 3695 1463 3746 consecratas,
1482 3686 1562 3736 sicuti

466 3752 499 3801 de
518 3752 569 3803 hoc
587 3772 696 3823 quicque
718 3756 876 3819 confessus3
893 3755 967 3822 quod
981 3762 1075 3804 contra
1092 3754 1127 3806 26
1145 3754 1367 3821 Cartbagenensis
1387 3756 1498 3805 concilii
1520 3772 1564 3805 ca-

466 3840 563 3874 nonem
585 3833 633 3880 est.
657 3826 704 3893 qui
731 3827 768 3875 sic
793 3825 877 3875 babet
906 3824 1050 3874 “similiter
1080 3826 1183 3893 placuit
1210 3826 1328 3895 nequid
1349 3826 1565 3876 ecclesiasticum

468 3894 538 3943 ullus
557 3895 665 3946 vendat.
703 3894 800 3964 quodsi
829 3912 883 3945 non
903 3893 1031 3945 babuerit
1055 3903 1215 3963 proventum
1244 3904 1272 3947 et
1291 3912 1386 3963 magne
1408 3896 1564 3947 incubuerit

467 3967 621 4026 necessitas,
641 3963 668 4014 id
688 3966 823 4016 indicetur
842 3966 951 4033 primati
971 3964 1091 4015 eiusdem
1110 3966 1272 4036 provinciae,
1291 3974 1327 4028 et,
1345 3965 1466 4031 adhibito
1486 3975 1562 4017 certo

466 4050 577 4085 numero
592 4030 777 4103 episcoporum
795 4036 964 4087 consultetur
978 4036 1043 4105 quid
1058 4035 1191 4103 agendum
1205 4040 1249 4087 sit.
1269 4036 1365 4106 quodsi
1378 4044 1453 4087 tants
1467 4053 1565 4087 neces-

466 4103 529 4151 sitas
549 4107 687 4156 ecclesiam
705 4107 801 4158 urserit
817 4108 912 4158 utnon
932 4109 1017 4174 possit
1033 4117 1096 4159 ante
1109 4107 1289 4166 vendendum,
1308 4106 1453 4156 deliberari
1466 4108 1565 4159 saltem
1584 4156 1587 4162 ,

467 4172 568 4231 vicinos
580 4174 613 4224 ad
631 4176 680 4225 hoc
691 4176 843 4227 testandum
864 4178 972 4229 vocabit
986 4178 1137 4248 episcopus,
1156 4194 1245 4227 curam
1261 4178 1392 4229 adhibens
1413 4186 1443 4227 ut
1460 4194 1566 4238 omnes,

466 4242 512 4306 qui
538 4243 667 4293 ecclesiae
688 4263 752 4296 suae
771 4247 928 4308 acciderint,
949 4266 1025 4299 casus
1043 4248 1146 4315 synodo
1166 4248 1341 4299 demonstret.
1396 4247 1502 4315 quodni
1524 4248 1565 4296 le-

467 4312 542 4371 cerit,
563 4329 622 4362 reus
643 4314 695 4364 deo
722 4326 750 4367 et
774 4319 876 4383 synodo
908 4320 1047 4370 tenebitur
1068 4320 1115 4388 qui
1140 4318 1273 4379 vendidit,
1299 4309 1336 4369 et⁴
1354 4335 1369 4368 τι
1388 4335 1437 4370 suo
1457 4319 1565 4368 alienus

413 4390 415 4399 ’
468 4380 597 4431 honore.''
633 4384 877 4453 deprehensusest
896 4390 977 4440 etism
998 4389 1188 4458 abrogationes
1206 4388 1366 4456 pontificum
1386 4397 1499 4458 ¹praeter
1519 4404 1566 4446 ττι-Ι
