3692 5350
400 560 470 630 aas
670 517 673 522 ⁵
837 567 1034 632 msrouu

395 716 571 798 βάρβαροι,
593 719 648 780 καί
667 711 757 780 εἶπαν
776 711 821 780 ὅτι
841 715 858 780 ὁ
882 714 1079 802 πατριάρχης
1098 713 1213 780 ἐδωκω
1243 715 1486 801 ἧμώνψθέλημα,

395 812 449 878 καί
467 811 529 894 ,την
550 811 722 894 ἐκτίσομεν.
764 813 780 878 ά
802 818 837 890 δὲ
856 812 1024 890 σουλτάυος
1051 813 1189 888 α’κοάσας
1209 817 1308 894 τοῦτο,
1327 813 1486 898 η’λλοιώθη

396 910 415 997 ἦ
439 908 513 990 ὄψις
537 916 592 977 τοῦ
620 914 788 996 προσώπου
809 916 929 996 αὐτοῦ,
960 919 1015 979 καί
1039 915 1175 996 δρηίσθη
1196 911 1314 993 πολλά,
1337 913 1392 976 καί
1410 910 1488 978 ἐθυ-

395 1013 489 1097 μώθη
513 1011 593 1076 κατά
622 1016 678 1077 τοῦ
699 1012 918 1096 πατριάρχου,
942 1012 998 1077 καί
1025 1009 1120 1097 ἤθελε
1142 1010 1180 1076 νά
1204 1017 1261 1076 τοῦ
1280 1018 1363 1100 κάμη
1384 1014 1487 1095 μεγά-

305 1139 306 1144 “
394 1116 451 1193 λην
474 1114 640 1176 παίδευσιν
661 1112 811 1197 φοβεράν.
853 1116 921 1177 αλλ’
944 1107 1031 1192 ὅμως
1052 1112 1147 1175 πάλιν
1165 1113 1332 1192 ἐμετέβαλε
1354 1114 1408 1177 τὸν
1431 1119 1511 1175 λο.5

393 1209 508 1291 γισμόν
542 1211 661 1291 adteri,
683 1211 737 1275 καί
769 1207 856 1294 ὅρισε
886 1210 941 1275 διά
973 1211 1110 1295 ὁρισμοῦ
1137 1214 1279 1297 φοβεροῦ
1310 1210 1390 1291 πρὸς
1411 1211 1486 1284 ιοάς

392 1307 560 1392 κληρικοάς
585 1314 637 1373 ἵνα
671 1311 825 1392 ου’γάλουν
856 1311 956 1376 ου’τδν
986 1307 1041 1375 τάν
1061 1311 1275 1393 πατριάρχην,
1303 1308 1343 1373 νά
1364 1310 1486 1389 κάμουν

393 1401 505 1482 άλλον,
527 1408 578 1472 ἵνα
600 1407 645 1491 μη
669 1409 835 1472 παιδεύσει
857 1403 976 1483 αάιοάς
997 1412 1050 1472 καί
1075 1405 1226 1494 ἀφανίσῃ.

471 1504 522 1581 Ὡς
554 1511 589 1572 δὲ
610 1507 683 1570 ἴδον
713 1505 741 1570 οἱ
763 1513 902 1593 κληρικοέ
935 1506 990 1572 τὸν
1013 1507 1145 1590 άρισμὸν
1169 1505 1299 1590 κοίτην
1323 1505 1487 1590 άπόφασιν

312 1638 314 1644 ’
391 1612 450 1672 τοῦ
480 1608 675 1684 σουλτάνου,
714 1609 918 1692 ἐφοβήθησαν
940 1609 1041 1693 φόβον
1068 1614 1184 1691 μέγαν,
1217 1606 1271 1670 καί
1297 1610 1331 1670 ἐν
1352 1608 1394 1691 τῷ
1417 1603 1484 1683 ἅμα
1496 1617 1528 1672 10

391 1705 512 1786 ἐκαμαν
546 1703 677 1770 σάνοδον
708 1705 787 1786 μενά
821 1713 959 1788 μερικών
993 1707 1187 1790 άρχιερέωί,
1209 1707 1288 1768 ὀποῦ
1309 1706 1486 1787 εὑρέθησαν

390 1809 435 1882 εἰς
459 1804 513 1888 τὴν
532 1806 670 1888 μεγάλην
694 1809 881 1890 ἐκκλησιάν,
910 1810 965 1870 καί
994 1806 1171 1892 ὁμοφώνως
1197 1802 1359 1888 ἐφηφισαν
1379 1807 1486 1886 τρίτην
1567 1801 1570 1817 '

391 1905 571 1990 φοράν,τὸν
593 1903 699 1990 πρώην
717 1905 926 1996 πατριάρχην,
950 1905 1040 1988 κύριν
1060 1906 1217 1990 Νηφωνα,
1242 1903 1323 1967 ὀποῦ
1345 1897 1416 1986 η’νον
1439 1904 1484 1974 εἰς

389 2002 446 2088 την
468 2009 620 2086 Βλαχίαν.
672 2009 727 2069 καί
756 2009 915 2089 ἐμήνυσαν
945 2009 1047 2069 adteri
1063 2004 1140 2085 μετά
1169 2007 1307 2085 μερικών
1328 2005 1483 2084 κληρικών

388 2107 444 2187 τῆς
464 2101 599 2187 μεγάλης
620 2103 797 2189 ἐκκλησίας,
831 2105 885 2169 καί
916 2107 1095 2190 ἐδεήθησαν,
1122 2103 1222 2167 αὐτόν
1251 2108 1305 2187 ἵναΙ
1322 2100 1418 2188 ἔλθη,
1442 2097 1481 2164 νά
1494 2116 1527 2166 15

293 2256 297 2262 .
327 2216 378 2271 145
389 2201 469 2288 λάβῃ
499 2205 592 2266 πάλιν
620 2202 671 2269 τὸν
693 2204 926 2288 παιριαρχικόν
956 2206 1081 2288 θρόνον.
1135 2195 1274 2277 α’κοάσας
1297 2205 1331 2265 δὲ
1350 2199 1483 2264 τοῦτοί

389 2300 485 2376 αὐτὸς
519 2302 609 2386 κύρις
632 2307 796 2389 Νηφωνας
827 2307 880 2369 δέυ
907 2291 1042 2389 ἠθέλησε
1076 2310 1202 2379 τελείως
1225 2303 1262 2366 νά
1282 2302 1318 2367 τὸ
1342 2303 1484 2383 παραδε·

385 2405 473 2486 χθῇ·
521 2404 617 2483 μόνον
647 2401 763 2467 ἔστειλε
793 2403 867 2479 τούς
900 2407 1154 2485 ἀπεσταλμένους
1183 2399 1350 2487 κληρικοδς
1372 2397 1484 2480 ὀπίσω,

387 2501 494 2578 καθώς
517 2495 627 2584 ’ἦλθαν
653 2501 742 2584 μὸνοι
765 2527 858 2582 τους,
888 2506 942 2566 καί
968 2506 1085 2585 καμίαν
1107 2507 1292 2589 φιλοτιμίαν
1309 2503 1363 2563 δέν
1385 2497 1483 2578 ἔκαμε

388 2599 468 2683 πρὸς
488 2602 614 2677 αύτούς.
648 2605 811 2680 ,ἐλθόντες
840 2605 874 2668 δὲ
898 2601 928 2667 οἱ
948 2607 1090 2691 κληρικοί
1120 2605 1164 2677 είς
1195 2602 1252 2685 την
1271 2598 1409 2682 μεγάλην
1429 2600 1526 2670 dar-20

317 2752 329 2763 .
388 2705 519 2782 κλησιάν
541 2700 709 2786 α’νήγγειλα
728 2703 767 2768 τά
790 2707 865 2786 περί
883 2711 942 2768 rori
969 2708 1069 2787 κυροῦ
1091 2700 1257 2786 Νηφωνος,
1282 2695 1330 2780 ὅτι
1355 2701 1481 2772 τελείως

347 2848 351 2853 .
388 2801 440 2862 δὲν
460 2804 669 2883 προσδέχεται
699 2806 791 2867 τοῦτο
804 2854 813 2884 ,
837 2804 911 2867 ου’δὲ
934 2808 1021 2867 θέλει
1041 2802 1079 2867 νά
1106 2800 1224 2886 α’κοάση
1246 2787 1397 2881 περὶτοῦ
1419 2822 1481 2859 πα.

387 2901 583 2981 τριαρχείου.
628 2902 704 2972 ,τότε
734 2904 925 2984 ἦσάνοδος,
958 2903 1001 2976 uic
1020 2898 1161 2965 άκουοαν
1183 2899 1256 2974 ιοάς
1278 2898 1387 2979 λόγους
1408 2895 1482 2961 rod·

386 3020 478 3077 τους,
515 2996 670 3063 ἐκάθισαν
693 3003 857 3085 πολλάκις,
880 3004 934 3065 καί
953 3000 1028 3075 roric
1050 3000 1283 3081 δοκιμωτάτους
1305 3000 1360 3059 καί
1381 2992 1482 3076 άρμο-

388 3278 595 3349 imprudentiam
614 3281 810 3334 inconsiderate·
828 3282 998 3352 “patriarcha
1017 3283 1095 3334 nohis
1122 3290 1283 3353 potestatem
1304 3281 1377 3342 fecit,
1396 3286 1425 3331 et
1443 3280 1480 3332 ita

365 3351 612 3403 'aedificavimus''
649 3353 766 3417 sultano,
786 3362 926 3424 postquam
940 3354 1051 3415 audivit,
1072 3354 1147 3405 color
1164 3354 1242 3405 faciei
1262 3355 1416 3403 immutatus
1432 3360 1481 3412 est,

388 3430 417 3474 et
439 3424 510 3491 gravi
529 3423 568 3473 ira
587 3432 679 3475 contra
699 3424 1009 3493 patriarchamfexarei‘t3
1032 3425 1066 3478 de
1091 3442 1177 3494 eoque
1197 3424 1269 3475 haud
1289 3423 1396 3489 vulgare
1415 3439 1482 3490 aup-

387 3494 497 3564 plicium
517 3496 743 3547 uumere‘voluit.
786 3505 813 3548 at
830 3498 979 3548 immutavit
1003 3505 1093 3547 tamen
1112 3498 1229 3545 animum
1247 3507 1333 3556 auum,
1355 3502 1382 3543 et
1402 3509 1479 3543 aeve-

389 3582 446 3615 rum
477 3565 582 3635 clericis
608 3567 764 3618 mandatum
794 3567 870 3619 dedit
895 3577 926 3618 ut
958 3568 1106 3618 ‹deiicerent
1132 3565 1310 3635 patriarcham
1340 3564 1480 3634 aliumque

345 3692 347 3697 y
388 3636 547 3699 sufficerent,
567 3638 619 3689 nisi
640 3654 741 3707 poenae
762 3636 826 3689 dare
847 3646 876 3690 et
894 3638 981 3690 deleri
1000 3639 1113 3689 velient.

460 3722 578 3794 Accepto
594 3726 723 3795 mandato
742 3734 770 3778 et
782 3728 916 3778 sententia
937 3726 1037 3777 sultani
1057 3724 1231 3776 vehementer
1250 3723 1342 3773 animis
1361 3728 1483 3772 conster-

388 3796 446 3844 nati
464 3804 545 3859 sunt,
567 3806 594 3847 et
623 3799 765 3849 confestim
790 3806 921 3848 certorum
943 3796 1050 3866 aliquot
1067 3797 1228 3864 pontificum
1246 3794 1410 3852 concilium,
1433 3790 1482 3860 qui

388 3871 452 3914 tunc
471 3865 540 3918 forte
559 3865 593 3918 ad
612 3885 733 3936 magnam
757 3869 894 3919 ecclesiam
915 3876 998 3927 erant,
1017 3883 1142 3934 coegere3
1161 3884 1192 3917 ac
1213 3867 1320 3917 tertium
1341 3864 1483 3929 elegerunt

390 3951 443 3984 una
463 3952 528 3987 voce
555 3941 720 4008 superiorem
737 3938 913 4008 patriarcham
936 3937 1108 4006 Niphonem,
1128 3939 1157 3988 in
1174 3937 1302 3987 Valachia
1321 3940 1481 3985 versantem

389 4004 415 4053 ei
434 4006 521 4057 missia
540 4009 699 4060 clericorum
716 4011 822 4080 aliquot
853 4008 1034 4060 nuntiandum
1062 4007 1114 4059 hoc
1134 4014 1270 4067 curarunt,
1291 4012 1481 4073 rogaruntque,

388 4074 539 4127 reniteret
559 4081 764 4148 partiarchicum
783 4082 921 4150 fastigium
940 4081 1080 4150 reciperet.
1118 4079 1211 4130 atille
1231 4077 1308 4127 nullo
1328 4074 1407 4125 modo
1427 4073 1481 4123 sibi

387 4146 545 4213 persuaderi
575 4166 666 4217 passus
697 4161 757 4212 est,
788 4152 835 4204 aed
853 4153 962 4202 clericos
983 4152 1093 4212 missos,
1115 4150 1212 4200 itauti
1230 4156 1369 4207 venerant,
1389 4146 1482 4194 inanes

389 4217 511 4276 remisit,
540 4219 615 4269 nulla
644 4222 809 4291 benignitate
836 4222 984 4274 ethonore
1011 4222 1049 4272 eis
1069 4216 1263 4289 habito.³.qui
1285 4218 1318 4269 ad
1340 4216 1481 4267 ecetesiam

389 4288 488 4339 reversi
507 4292 695 4343 renuntiarunt
715 4310 867 4362 responsum
882 4293 1034 4362 Niphonis:
1054 4310 1114 4342 eum
1133 4308 1188 4342 non
1202 4292 1282 4341 modo
1303 4287 1420 4339 oblatam
1441 4285 1482 4335 di-

388 4359 518 4423 gnitatem
543 4375 597 4409 non
626 4364 763 4431 recipere,
784 4365 830 4415 sed
851 4380 886 4414 ne
904 4364 997 4416 audire
1017 4363 1125 4431 quidem
1158 4361 1191 4411 de
1211 4358 1381 4430 patriarchen
1400 4356 1481 4407 velte.

387 4426 438 4485 hac
469 4427 585 4497 synodus
613 4435 778 4485 recusatione
809 4443 919 4505 accepta
952 4435 1043 4485 denuo
1072 4452 1103 4484 ac
1130 4433 1235 4501 saepius
1254 4431 1339 4496 sedit3
1368 4442 1482 4497 cumque
