3692 5350
405 586 450 656 ιο
851 549 1048 655 nissoms

309 792 315 805 ¹
401 758 523 843 ἔστερξε
543 759 599 821 καί
617 753 806 837 ἐβεβαίωσε,
835 760 890 821 κατ’
919 758 1059 837 ἐδείκνυε
1085 756 1140 818 κατ’
1158 745 1258 835 ἄκραν
1279 750 1387 836 φιλίαν
1407 748 1485 832 πρὸς
1526 790 1528 795 -

402 856 475 933 τούς
495 857 692 935 Βυζαντίους
715 860 882 938 πλαστῶς,
909 858 955 933 αἱς
973 854 1010 919 τδ
1038 856 1126 927 τέλος
1147 849 1268 930 ἔδειξε,
1303 851 1359 915 καί
1375 847 1484 932 καιρὸν

402 954 571 1021 δουλεύων.
610 951 696 1035 Ιμετὰ
717 958 753 1020 δέ
773 954 807 1021 sd
832 961 995 1021 τελειῶσαι
1022 955 1076 1018 καί
1099 949 1274 1033 ἐπαρτίσαι
1295 951 1330 1014 τὸ
1354 951 1487 1031 κάστρον

402 1056 504 1135 αέτό,
525 1059 659 1136 θέμενος
686 1053 848 1138 σκέπτρα,
873 1056 1036 1141 φύλακας,
1063 1051 1177 1129 σκευὰς
1207 1050 1262 1115 καί
1282 1045 1364 1113 ὅπλα
1393 1043 1485 1125 ἄλλα,

401 1153 560 1239 ἐπορεύθη
580 1156 613 1219 ἐν
632 1155 900 1238 Ἀδριανουπόλει.
1496 1160 1512 1212 5

485 1246 582 1335 Εἶχον
604 1256 640 1318 δέ
662 1252 790 1327 ἐλπίδας
813 1251 842 1318 οἱ
863 1254 898 1316 ἐν
918 1255 961 1338 τῇ
978 1248 1065 1316 πόλει
1089 1252 1150 1331 tva,
1173 1250 1230 1313 ,ἐιίν
1251 1273 1279 1313 τι
1300 1246 1421 1327 ἴδωσιν,
1445 1246 1488 1322 ὥς

402 1352 533 1437 πλησίον
558 1351 774 1438 ἀφανίσωσιν·
824 1351 992 1437 ἐτρέφοντο
1026 1353 1061 1415 δέ
1094 1347 1195 1434 μὰτην
1216 1351 1319 1413 ταῦτα
1340 1348 1488 1426 οἰόμενοι.
1539 1430 1540 1435 ¹

403 1453 665 1536 ἀναχωρήσαντος
683 1448 744 1534 γὰρ
766 1455 823 1514 τοῦ
845 1450 1017 1516 σουλττίνου
1039 1450 1135 1515 τόπον
1157 1444 1296 1532 μερικόν,
1317 1449 1490 1529 πορευομέ-

394 1550 459 1621 ’νου
482 1552 560 1637 πρὸς
582 1545 863 1631 Ἀδριανοέπολιν,
884 1547 914 1614 οἱ
941 1550 1110 1634 Ἀγαρηνοί
1137 1544 1384 1626 καταδιώξαντες
1411 1544 1489 1627 μετὰ
1554 1630 1555 1633 ¹

405 1657 468 1720 τῶν
488 1655 591 1718 λ’ππων
612 1651 667 1714 καί
687 1648 871 1741 ποιησαντος
891 1649 1064 1734 πιλάλημα,
1088 1645 1129 1724 ὥς
1152 1646 1225 1722 ἔθος
1247 1648 1366 1725 αὐτοῖς,
1387 1643 1533 1730 iona-10

275 1808 278 1814 .
380 1821 382 1824 ,
405 1777 465 1817 σαν
483 1753 578 1831 μέρος
602 1747 800 1831 ἀνθρώπων,
822 1747 898 1824 τούς
917 1748 1099 1831 ἐντυχόντας
1119 1750 1155 1812 ’ἐν
1177 1750 1284 1831 μέρεσι
1306 1748 1362 1829 τῆς
1382 1747 1492 1826 χώρας

366 1885 368 1888 v
405 1852 469 1914 sois
490 1848 685 1927 Ἀσωμάτων
715 1850 769 1911 καί
797 1851 856 1911 τοῦ
890 1844 985 1931 ἆγέυυ
1012 1848 1119 1913 (busci.
1168 1842 1421 1933 διεφημιλτθηδέ
1439 1844 1494 1907 καῖ

324 1996 331 2010 ι
406 1947 499 2033 φημη
534 1940 584 2009 ὅτι
609 1940 696 2011 εἶπεν
725 1945 742 2009 δ
767 1949 936 2022 σουλτᾶνος
968 1941 1017 2012 ὅτι
1043 1945 1113 2012 ἰδοδ
1141 1934 1343 2029 ἀπέρχομαι,
1365 1941 1420 2007 καί
1438 1942 1494 2007 τόν

345 2098 351 2118 ,
401 2043 585 2129 Ἀπρίλλιον
605 2042 741 2128 ἔρχομαι
755 2044 857 2129 πάλιν,
880 2046 935 2111 καί
952 2047 1117 2130 γνώτωσαν
1137 2043 1166 2110 oi
1188 2048 1222 2110 ἐν
1244 2046 1281 2131 τῇ
1301 2042 1402 2111 πόλει,
1424 2044 1495 2106 δια-

406 2142 623 2228 μηνυσάμενοι
650 2147 687 2208 δὲ
720 2143 749 2209 oi
767 2143 942 2223 ’Βυζάντιοι
955 2182 971 2230 ,’
984 2149 1038 2210 καί
1058 2143 1195 2219 εἰπόντες
1214 2143 1257 2218 αἱς
1277 2142 1334 2205 oris
1356 2132 1493 2206 ἐστι’δί.
1505 2156 1537 2208 15

408 2266 499 2308 καιον
532 2242 584 2307 ἵνα
618 2246 770 2329 μενούσης
799 2249 855 2329 τῆς
887 2245 1010 2329 α’γοέπης
1030 2244 1240 2328 δρπασθῶσιν
1269 2239 1298 2307 οἱ
1330 2232 1495 2324 ἅνθρωποι

409 2344 532 2423 criseis,
561 2342 779 2428 ἀπεκρίθησαν
810 2341 860 2408 ὅτι
891 2343 914 2408 δ·
938 2345 1091 2427 ου’θέντης
1123 2342 1182 2406 cdx
1218 2336 1284 2406 οἶδε
1309 2338 1342 2405 τὸ
1373 2338 1496 2423 γινόμε.

409 2465 470 2507 νον.
512 2436 628 2525 αἳρεσιν
649 2435 706 2507 οὖν
725 2439 808 2519 ὅπως
828 2438 1169 2525 ἐξετάσαντεςεέρωσι
1189 2439 1244 2507 καί
1261 2442 1430 2521 πέμψωσιν
1451 2439 1497 2512 εἰς

410 2542 448 2607 τὰ
469 2540 547 2607 ἴδια.
919 2579 921 2584 -
1160 2584 1162 2593 s
1253 2554 1296 2589 ⁰·

380 2654 399 2708 9
495 2638 650 2727 Τοιαύτην
670 2635 726 2707 ode
745 2643 870 2733 εἰρήνην
891 2641 1033 2726 πλαοτην
1054 2638 1190 2726 ἔχοντες,
1210 2644 1315 2725 γέγονε
1336 2642 1390 2704 καί
1408 2634 1497 2722 μάχη
1506 2659 1540 2714 20

412 2737 558 2828 φανερά·
585 2739 675 2826 ψυχὴ
697 2743 759 2827 γὰρ
781 2747 901 2808 α’δικεῖν
922 2747 1112 2828 προελομένη
1133 2742 1169 2806 ori
1191 2737 1322 2810 δύναται
1341 2739 1394 2806 ἐπί
1417 2735 1495 2801 πολδ

412 2843 523 2925 φέρειν
549 2840 584 2906 sd
612 2837 749 2921 σκιάζον.
806 2840 936 2928 ἐκινήθη
974 2846 1008 2907 δὲ
1039 2845 1082 2930 τῷ
1102 2844 1188 2930 adripi
1219 2838 1281 2904 ἐτει
1305 2834 1409 2922 ὥσπερ
1434 2834 1497 2918 θηρ

437 2973 455 3064 'a
480 3015 525 3069 λθ.
545 3016 675 3074 σκιάδιον
689 3021 708 3068 Α

300 3226 303 3237 ·
414 3209 492 3272 patre
513 3201 599 3270 ipsius
619 3201 718 3253 factum
736 3202 840 3266 fuerst3
857 3200 932 3271 quod
953 3195 1039 3252 etiam
1051 3201 1109 3270 ipse
1129 3217 1143 3249 a
1163 3218 1191 3252 se
1210 3200 1394 3262 confirmatum
1411 3203 1500 3252 serva-

385 3271 398 3275 ”
415 3275 470 3332 bat,
488 3289 671 3343 summamque
693 3289 754 3341 erga
782 3272 921 3338 Byzantios
941 3271 1111 3340 praeferebat
1130 3270 1357 3324 benevolentiam.
1394 3271 1442 3323 sed
1463 3273 1500 3323 si-

416 3343 517 3395 mulate
535 3351 622 3395 totum
640 3343 674 3394 ab
701 3361 733 3394 eo
753 3344 867 3406 factum,
889 3353 918 3394 ut
937 3351 1048 3394 eventus
1067 3340 1227 3405 declaravit,
1248 3349 1353 3394 tantum
1370 3346 1500 3412 temporis

416 3431 503 3466 causa.
539 3415 619 3466 castri
637 3414 826 3466 aedificatione
852 3412 986 3464 adfinem
1013 3412 1159 3483 perducta,
1186 3413 1280 3482 positis
1299 3414 1368 3478 inibi
1383 3416 1501 3481 vexillis,

416 3483 558 3556 praesidio,
572 3486 719 3539 ¹tormentis
739 3483 844 3536 bellicis
863 3485 979 3554 aliisque
1000 3501 1132 3536 armorum
1159 3484 1311 3552 generibus,
1328 3486 1386 3555 ipse
1404 3485 1500 3556 Adria·

417 3556 532 3626 nopoiin
552 3574 581 3608 se
600 3557 725 3610 contulit.

467 3634 472 3637 ”
488 3641 632 3694 Habebunt
652 3659 726 3711 spem
745 3639 875 3712 oppidani
894 3659 936 3703 se,
968 3642 990 3692 si
1008 3641 1074 3713 quid
1092 3639 1208 3711 periculi
1221 3643 1352 3706 viderent,
1373 3662 1450 3714 posse
1468 3646 1502 3696 il·

418 3712 484 3775 lud,
505 3715 579 3764 utin
597 3714 753 3782 propinquo
783 3714 877 3774 situm,
906 3713 1027 3765 diruere:
1046 3711 1094 3764 sed
1112 3730 1143 3766 ea
1163 3730 1223 3783 spes
1241 3715 1325 3766 fallax
1345 3716 1404 3768 fuit.
1439 3717 1502 3768 nam

419 3800 480 3834 cum
498 3784 619 3834 soltanus
637 3784 805 3853 aliquantum
826 3783 990 3836 discessisset
1007 3783 1203 3853 Adrianopolin
1228 3787 1369 3855 petiturus,
1388 3786 1502 3853 Agereni
1553 3781 1554 3784 ’

419 3855 522 3904 interea
543 3854 714 3936 equestribus
735 3855 938 3921 excursionibus
958 3854 992 3906 de
1019 3871 1094 3906 more
1114 3857 1191 3912 sactis
1211 3856 1333 3909 homines
1352 3855 1501 3927 rapiebant,

419 3939 488 3992 quos
507 3923 608 3975 ¹obvios
638 3926 667 3976 in
691 3925 758 3976 locis
783 3927 898 3994 regionis
917 3929 1101 3982 Asomatorum
1126 3936 1153 3979 et
1171 3928 1197 3979 S.
1215 3927 1319 3979 Phocoe
1336 3927 1501 3977 habuissent.
1537 3947 1540 3951 ·

421 3993 474 4044 suit
492 4003 520 4045 et
539 3995 608 4044 fsma
626 4012 724 4064 sparsa,
743 3993 842 4049 dixisse
859 3999 994 4049 sultanum
1012 4006 1102 4050 “nunc
1120 3999 1229 4068 quidem
1248 3998 1326 4058 abeo,
1346 3996 1394 4047 sed
1411 4011 1503 4046 mense

421 4064 507 4134 Aprili
526 4063 635 4130 redibo,
661 4075 693 4129 ¹et
709 4076 890 4136 cognoscent,
908 4071 955 4138 qui
975 4069 1002 4119 in
1021 4069 1087 4121 urba
1108 4072 1195 4124 sunt.”
1230 4067 1364 4134 Byzantiis
1394 4083 1442 4136 per
1461 4066 1503 4115 le·

422 4143 498 4204 gatos
525 4137 769 4204 conquerentibus,
789 4157 820 4190 sc
838 4139 991 4195 dicentibus
1016 4158 1072 4192 non
1100 4141 1274 4192 esseiustum
1294 4137 1365 4206 pacis
1382 4147 1504 4206 tempore

423 4222 484 4258 suos
511 4206 631 4258 homines
650 4207 754 4276 abripi,
783 4228 936 4280 responsum
963 4211 1017 4262 suit
1043 4211 1108 4262 haec
1125 4207 1293 4279 imprudente
1313 4207 1419 4259 sultano
1436 4203 1504 4257 fieri.

352 4310 360 4329 ι
423 4278 501 4328 iussit
518 4294 579 4346 ergo
598 4278 630 4340 is,
649 4278 824 4347 inquisitione
843 4282 922 4347 iacta,
940 4284 1063 4335 inventos
1084 4280 1117 4332 ad
1135 4297 1182 4332 sua
1201 4279 1310 4342 remitti.

494 4365 558 4417 Cum
576 4365 628 4416 hoc
647 4365 726 4417 modo
749 4366 835 4418 fictam
861 4370 1026 4440 infidamque
1054 4365 1148 4440 pacem
1167 4363 1307 4427 haberent,
1332 4363 1507 4434 adapertum
1549 4429 1558 4438 .
1585 4415 1589 4420 ,

426 4434 535 4488 tandem
554 4434 654 4489 bellum
674 4436 816 4492 deventum
842 4447 893 4491 est.
929 4444 1033 4494 animus
1058 4439 1128 4492 enim
1149 4437 1197 4507 qui
1215 4437 1298 4490 semel
1313 4437 1411 4489 iniuste
1430 4449 1507 4503 agere

814 4569 834 4599 Ι
