3692 5350
467 601 537 670 178
645 593 650 602 '
909 597 1104 665 ursaonra

462 753 624 822 σκάνδαλα
647 755 702 816 καί
728 748 900 833 συγχύσεις
922 748 978 812 καί
1000 749 1148 836 Ιταραχαί
1173 743 1241 834 α’νά,
1261 745 1360 824 μέσον
1383 736 1488 804 orituri
1507 745 1560 804 καί

462 841 525 917 κάν
547 852 723 934 α’ρχιερὲαιν
750 851 806 912 καί
832 847 895 912 κάν
917 851 1091 932 κληρικοδν,
1121 847 1177 907 καί
1203 846 1320 906 πολλαί
1338 839 1487 915 συνόδοις
1506 843 1559 903 καί

462 948 605 1036 ταραχαί
623 953 773 1032 ἐγένοντο.

550 1050 667 1122 Τοῦεος
691 1046 707 1109 δ
730 1042 929 1130 πατριάρχης
958 1041 1062 1108 ἔκτισε
1090 1043 1174 1120 μέσα
1195 1043 1239 1116 είς
1262 1038 1297 1104 τά
1319 1048 1557 1123 πατριαρχεῖον,

461 1146 496 1212 τὸ
517 1149 614 1228 μέρος
634 1149 690 1228 τῆς
712 1146 850 1227 δύσεως,
878 1147 985 1208 κελλία
1005 1144 1145 1223 τέσσαρα
1172 1138 1304 1222 άπάνω,
1337 1142 1392 1202 καί
1412 1138 1579 1201 άποκάιοοδ

462 1247 508 1320 εἰς
529 1242 610 1307 αι’τά
635 1241 750 1322 ἔκαμεν
771 1237 853 1306 άλλα
875 1245 1026 1324 τέσσαρα.
1068 1237 1125 1301 καί
1147 1239 1279 1321 πλησίον
1299 1236 1423 1309 τούτων
1444 1232 1557 1314 ἔκαμεν

463 1342 616 1425 άχοάριον
637 1341 691 1406 ἕνα
726 1339 863 1421 μεγάλου
885 1338 940 1404 καί
959 1337 1064 1403 καλόν.
1115 1334 1212 1415 ἔκαμε
1232 1338 1268 1399 δὲ
1287 1336 1342 1398 καί
1362 1327 1558 1435 δάοιάναλά.

460 1467 534 1524 για,
563 1439 645 1502 δποά
682 1443 921 1520 κανοναρχοῦν,
950 1440 995 1512 εἰς
1023 1434 1079 1499 τάν
1113 1435 1216 1513 δεξιάν
1245 1433 1345 1518 χορὸν
1364 1435 1420 1498 καί
1442 1430 1558 1509 εἰςτὸν

462 1537 638 1621 α’ριστεράν,
662 1539 716 1599 καί
734 1528 814 1600 itta
833 1535 903 1600 τινά
927 1533 1033 1619 σκεάη.

549 1631 848 1718 Πατριαρχεδοντος
881 1636 916 1697 δὲ
942 1634 1058 1697 τούτου
1082 1635 1141 1696 τοῦ
1167 1632 1269 1713 κυροῧ
1290 1632 1465 1697 Διονυσίου
1485 1632 1594 1705 dua-10

462 1735 598 1812 τέβασαν
618 1732 674 1796 τὸν
693 1731 842 1817 σταυρόν,
869 1732 922 1797 διά
946 1729 1082 1814 ὁρισμοῦ
1102 1735 1160 1796 τοῦ
1173 1734 1283 1811 πασιά,
1304 1727 1477 1793 άπάνιοδεν
1498 1729 1558 1792 άπδ

463 1831 517 1895 τάν
538 1831 615 1894 ναὸν
635 1834 691 1913 τῆς
712 1834 980 1913 παμμακαρίστου
1002 1833 1059 1894 τοῦ
1087 1835 1340 1912 πατριαρχείου·
1382 1826 1463 1892 δποῦ
1488 1821 1562 1912 ἧκον

382 1942 383 1948 ’
464 1927 574 1993 άπάναι
610 1933 655 2004 εἰς
702 1929 735 1994 τά
763 1932 979 2013 καμπανάριον
1013 1932 1067 1993 καί
1106 1931 1272 2014 ε’φαίνετον
1306 1927 1369 1992 dud
1396 1931 1561 2009 μακρόθεν

404 2045 455 2101 169
464 2029 593 2109 στερεάς
616 2030 671 2092 καί
684 2027 857 2112 θαλάσσης,
880 2030 936 2092 καί
954 2027 1102 2110 ἐγνώριζε
1121 2030 1207 2090 πάσα
1222 2025 1417 2108 Χριστιανὸς
1439 2026 1474 2089 τά
1499 2050 1568 2087 πα-.

372 2173 375 2184 .
463 2136 655 2205 τριαρχεῖον,
680 2122 755 2190 ὅταν
784 2120 897 2208 ἢθελεν
918 2130 985 2190 ἰδεΐ
1001 2126 1056 2189 τάν
1076 2125 1226 2203 σταυρόν.
1268 2123 1325 2188 καί
1345 2125 1389 2200 ὥς
1411 2124 1466 2190 τάν
1487 2121 1595 2194 dno-15

463 2227 610 2303 ιέβασαν,
629 2222 710 2305 ἔγινε
730 2221 850 2308 μεγάλη
872 2225 955 2307 λάπη
976 2229 1020 2296 είς
1042 2224 1115 2298 τούς
1137 2225 1363 2306 Χριστιανούς.

554 2313 671 2396 Τοῦιος
694 2321 722 2384 ά
757 2323 954 2405 πατριάρχης
988 2323 1165 2405 ἀσθενήσας
1187 2325 1347 2386 α’πὲδανε·
1391 2325 1449 2385 καί
1467 2325 1502 2387 ἔν
1522 2325 1564 2408 τῷ

464 2422 530 2506 vaip
553 2423 608 2501 τῆς
633 2427 901 2503 παμμακαρίστου
922 2421 977 2486 τόν
999 2420 1142 2502 ἔψαλλον
1162 2421 1238 2501 μετά
1262 2419 1363 2506 πάσης
1386 2422 1562 2503 εὕλαβεάις.

466 2516 501 2581 τά
527 2519 561 2580 δὲ
581 2523 673 2598 σῶμα
695 2521 796 2583 αὐτοῦ
819 2518 948 2601 ἔθαψαν
969 2523 1002 2584 ἐν
1023 2524 1061 2607 τῇ
1081 2525 1162 2607 μονῇ
1183 2525 1237 2602 τῆς
1257 2519 1434 2603 ὑπερορίας
1453 2519 1563 2584 deord-

465 2640 533 2698 κον,
556 2617 588 2681 ἐν
613 2623 652 2705 τῇ
676 2619 797 2708 Χάλκη,
818 2622 863 2695 εἰς
884 2611 917 2685 τά
937 2621 1149 2703 μοναστηριον
1171 2622 1281 2685 αὐτοῦ.
1569 2630 1596 2684 λλ

549 2718 756 2795 Ἀκούσαντες
787 2724 822 2784 δὲ
854 2718 883 2785 οἱ
906 2720 1066 2803 α’ρχιερεῑς
1095 2719 1149 2783 τάν
1169 2720 1306 2783 θάνατον
1325 2722 1384 2782 τοῦ
1407 2711 1563 2803 πατριάρ-

470 2838 532 2896 χου
554 2814 698 2897 ἔδραμον
719 2817 838 2898 πολλοί,
860 2821 914 2882 καί
928 2817 990 2881 άπά
1016 2823 1071 2907 τῆς
1091 2820 1244 2902 αἰατολῆς
1263 2818 1298 2881 τό
1312 2823 1409 2902 μέρος
1422 2821 1479 2881 καί
1503 2814 1561 2880 άπά

470 3070 642 3120 turbationes
661 3071 731 3122 inter
749 3073 834 3141 ipsum
852 3081 880 3124 et
897 3074 1041 3142 pontifices
1059 3082 1088 3126 et
1104 3074 1216 3126 clericor
1234 3082 1343 3127 exortae
1362 3080 1435 3136 eunt,
1455 3090 1488 3125 ac
1506 3074 1565 3144 pin·

473 3156 514 3190 res
538 3140 710 3191 turbulentae
729 3144 824 3208 synodi
848 3145 1010 3196 celebratae.

562 3210 692 3262 Condidit
710 3210 752 3262 hic
774 3216 923 3282 patriarcha
949 3217 978 3265 in
998 3214 1158 3285 patriarchei
1181 3223 1273 3284 parte,
1303 3210 1372 3283 quae
1391 3213 1426 3263 ad
1444 3231 1564 3265 occasum

472 3281 536 3331 solis
555 3282 662 3346 vergit,
690 3293 818 3351 quattuor
844 3288 981 3337 conclavia
1002 3304 1047 3334 scu
1067 3287 1148 3335 retiae
1174 3287 1201 3335 in
1223 3286 1360 3354 superiore
1380 3285 1451 3346 ioco,
1471 3295 1500 3337 et
1517 3286 1566 3335 alia

472 3352 587 3403 totidem
618 3353 747 3417 inferius,
774 3356 814 3407 tris
840 3358 970 3407 subiecta.
1016 3368 1043 3405 et
1072 3374 1155 3424 prope
1177 3355 1242 3405 haec
1262 3357 1353 3423 equiie
1372 3358 1524 3423 spatiosum
1542 3363 1566 3405 et

472 3424 604 3491 pulcrum.
643 3424 695 3474 duo
718 3443 828 3495 quoque
854 3429 959 3496 pulpita
989 3427 1065 3476 tibris
1083 3428 1253 3493 imponendis
1271 3428 1351 3490 fecit3
1379 3426 1427 3475 ubi
1447 3444 1518 3495 qnae
1536 3425 1566 3475 ab

473 3496 565 3561 aliquo
585 3494 720 3561 leguntur,
740 3498 772 3545 ab
790 3499 849 3547 aiiis
871 3506 1022 3559 cantantur,
1044 3499 1072 3547 in
1092 3497 1203 3547 dextero
1224 3507 1251 3548 et
1269 3498 1377 3548 sinistro
1401 3496 1501 3565 choro,
1522 3512 1568 3547 nec

473 3582 529 3615 nou
550 3565 602 3614 alia
623 3567 762 3634 quaedam,
783 3569 912 3618 ecciesiae
935 3569 1026 3617 usibus
1044 3568 1195 3617 accomoda.

567 3654 624 3703 Hoc
653 3655 802 3721 patriarcha
832 3655 944 3705 occiente
968 3656 1091 3722 deposita
1117 3665 1159 3708 est
1185 3656 1212 3706 S.
1234 3656 1317 3705 crucis
1351 3653 1455 3721 figura,
1477 3653 1567 3703 bassae

478 3724 561 3784 iussu,
581 3724 614 3773 de
634 3727 771 3793 superiore
791 3734 875 3793 parte.
899 3726 945 3775 ubi
966 3728 1100 3793 campanie
1123 3728 1196 3777 iocus
1219 3736 1285 3786 erat,
1304 3725 1397 3793 tempii
1418 3725 1571 3775 Pammaca-

479 3795 570 3854 ristae,
589 3795 663 3863 quod
684 3796 710 3845 in
730 3796 903 3863 patriarcireir
923 3805 977 3859 eet,
997 3813 1066 3863 quae
1085 3813 1148 3847 crux
1167 3799 1270 3847 eminus
1291 3797 1406 3861 longer
1424 3802 1497 3845 terra
1515 3811 1570 3846 ma-

480 3864 559 3931 rique
590 3867 735 3932 conspicua
762 3867 849 3916 suerat
884 3866 1062 3933 omnibusque
1093 3867 1251 3919 Christianis
1283 3865 1481 3935 patriarcheum
1507 3882 1572 3915 con·

483 3942 573 3999 specta
596 3945 688 3985 notum
719 3936 827 3988 fecerat.
865 3953 896 3987 ea
923 3937 1045 4005 deposita
1072 3956 1183 4007 magnus
1204 3955 1311 3990 maeror
1329 3938 1448 3988 omniurn
1466 3934 1573 4006 piorum

485 4006 589 4053 animos
611 4007 716 4057 invasit.
1568 4021 1570 4024 ’

586 4092 737 4151 posthaec,
757 4092 905 4161 patriarcha
925 4094 1019 4146 morbo
1039 4095 1172 4147 extinctus
1193 4103 1246 4156 est3
1275 4095 1318 4144 cui
1335 4095 1404 4144 iusta
1424 4092 1527 4144 intem
1548 4092 1574 4142 lo

485 4157 645 4222 praedicto,
676 4166 839 4230 psalmorum
869 4175 949 4215 cantu
979 4175 1006 4216 et
1035 4168 1107 4216 omni
1136 4166 1361 4215 caeremoniarum
1388 4180 1504 4230 genere,
1527 4171 1575 4213 rite

484 4226 643 4278 factasunt.
682 4250 776 4299 corpus
804 4238 863 4293 eius¹
885 4238 918 4295 ¹in
949 4237 975 4286 S.
992 4237 1119 4304 deiparae
1144 4235 1305 4285 monasterio
1333 4236 1437 4286 vicinae
1469 4235 1576 4284 insulae

485 4293 611 4357 Choicae,
629 4298 662 4348 ad
678 4302 766 4368 ipsum
788 4307 952 4371 pertinente,
974 4305 1122 4356 humatum.

469 4450 476 4453 -
585 4381 700 4448 Vulgata
722 4391 889 4455 patriarchae
916 4392 994 4442 obitu
1017 4393 1086 4441 inter
1104 4391 1239 4441 antistites
1257 4392 1335 4442 muiti
1363 4399 1390 4441 et
1410 4392 1443 4440 ab
1463 4393 1578 4443 Oriente

392 4482 395 4501 ι
487 4450 563 4504 etab
585 4452 731 4508 Occidente
759 4462 786 4509 in
818 4460 909 4511 urbem
931 4459 1092 4512 confluxere.
1137 4461 1176 4511 ibi
1194 4462 1310 4513 concilio
1336 4461 1440 4525 habito,
1461 4461 1497 4514 de
1514 4480 1578 4515 aen-
