3692 5350
282 621 284 633 ·
384 568 458 656 936
764 576 821 641 DE
849 572 979 640 REBUS
1008 572 1116 639 EPlRl
1208 612 1211 621 ‚

485 738 600 805 Πολλοὶ
630 741 665 803 δὲ
697 737 860 824 θρηνήσας
889 736 944 803 καί
963 734 1124 820 πενθήσας
1158 732 1311 822 δταδτης
1332 734 1485 813 σίντυνος

380 840 509 922 Ἰζαοῦ,
536 844 590 905 καί
619 843 782 916 ἐκτελέσας
815 838 872 916 τοὶς
901 844 1074 919 πενθίμους
1109 835 1228 923 η’μίρας
1260 840 1375 924 α’ξιάνς,
1404 839 1482 919 μετὰ

381 938 500 1025 χρόνου
532 938 600 1016 ἓνὸς
632 940 841 1025 παραδρομὴν
879 940 1071 1024 ἠναγκάζετο
1105 938 1192 1021 παρὰ
1222 942 1284 1004 τῶν
1320 940 1486 1023 α’ρχόντων
1557 992 1558 995 ,

385 1041 484 1106 αὑτοῦ
504 1045 559 1105 καί
588 1044 647 1105 τοῦ
666 1042 842 1124 ἀρχιερέως
871 1044 915 1117 είς
935 1039 972 1106 τοὶ
1002 1041 1082 1121 πρὸς
1107 1039 1261 1105 σύστασιν
1282 1042 1337 1103 καί
1358 1043 1485 1127 εἰρήνην
1566 1098 1567 1103 ,
1593 1032 1597 1038 ¹

383 1144 441 1209 τοῦ
461 1140 580 1223 τόπου,
612 1143 668 1206 καί
686 1141 895 1227 μνηστεύεται
915 1142 972 1225 τη“ν
992 1144 1156 1225 θυγατέρα
1177 1143 1233 1205 rori
1254 1140 1361 1205 Σποίτα
1387 1142 1510 1225 Etsi-s

385 1270 440 1329 νην
460 1246 672 1327 καλουμένην·
716 1246 795 1327 γυνη
819 1247 847 1307 δ’
870 1237 908 1326 ἦν
923 1245 1071 1325 οίνδρειά,
1095 1240 1279 1327 φρονήματι
1298 1242 1354 1307 καί
1375 1238 1485 1306 κιίλλει

383 1341 543 1429 ειίπρινιῆς
573 1347 629 1409 καί
658 1344 1045 1431 ἅρετῇνπεριβεβλημένη.
1100 1346 1155 1406 τοῦ
1183 1340 1292 1425 γοίμου
1310 1346 1344 1407 δὲ
1368 1341 1485 1406 ἐκτελε.

382 1448 522 1527 σθὲντος,
545 1446 621 1528 μηνί
639 1443 842 1531 Ἰανουαρίῳ,
866 1444 1057 1518 ι’νδικτιοίνος
1078 1446 1111 1529 4,
1135 1440 1224 1517 ἔτους
1248 1443 1340 1523 6904,
1361 1440 1423 1506 α’πό
1449 1446 1484 1508 δὲ

276 1634 279 1637 ⁴
383 1548 531 1626 Χριστοῦ
555 1547 654 1630 1396,
683 1552 750 1623 μετ’
781 1544 888 1627 ὀλίγας
919 1544 1041 1628 ἡμέρας
1071 1544 1184 1629 κατέβη
1207 1538 1223 1604 ὅ
1245 1546 1409 1627 Βρανέζης
1432 1548 1484 1608 καί

279 1688 285 1695 -
383 1640 522 1729 ὅἸαξῆς
542 1642 621 1727 κατὰ
644 1648 701 1708 τοῦ
726 1645 842 1728 Γιόνη,
870 1644 1022 1708 κάκεῖθεν
1049 1642 1231 1720 διελθόντας
1259 1645 1387 1723 ἐδέξατο
1408 1645 1483 1709 κου’.
1495 1656 1528 1709 10

381 1770 455 1822 τους
477 1744 493 1808 δ
517 1745 647 1821 Σινάτος
671 1747 704 1809 ίν
737 1749 777 1835 τῇ
797 1750 967 1832 τοποθεσιή
990 1747 1044 1809 τοῦ
1067 1747 1227 1826 Δρίσιιου·
1271 1748 1325 1809 καί
1346 1746 1483 1824 πόλεμον

381 1845 643 1927 συνικροιίσαντο,
662 1845 717 1911 καί
737 1846 911 1931 σφάξαντες
935 1845 964 1910 οἱ
983 1849 1175 1928 Χριστιανοί
1192 1844 1267 1922 τούς
1280 1848 1484 1931 Ἰσραηλίτας

380 1948 573 2026 Ικατεδιίολξαν
595 1949 700 2012 σ’πίστσ
722 1946 837 2022 αὐτούς
859 1948 923 2021 ἓως
940 1951 994 2033 τῆς
1018 1950 1257 2030 Φανερωμὲνης.
1300 1944 1329 2011 οἱ
1355 1950 1390 2011 δὲ
1414 1948 1485 2012 Ἀλ-

381 2034 688 2129 βανῖται·ίξίδωκαν
716 2045 853 2121 ἑαυτούς
874 2052 920 2125 τίς
941 2049 1059 2131 κούρση
1079 2047 1132 2110 καί
1154 2048 1258 2131 κέρδη.
1316 2044 1484 2134 φεύγοντες
1554 2128 1558 2141 l

382 2151 417 2211 δὲ
438 2144 454 2211 ὅ
479 2152 642 2233 Βρανέζης
664 2152 718 2213 καί
746 2144 775 2236 6,
789 2153 880 2232 Ιαξης
901 2154 969 2230 μετ’
992 2148 1124 2230 ὀλίγων,
1147 2146 1178 2211 οἳ
1198 2149 1253 2211 καί
1273 2151 1401 2221 πλείους
1423 2152 1485 2213 τοῖν
1495 2164 1527 2217 15

382 2254 582 2331 τριακοσίων,
608 2245 657 2313 ὅτε
679 2243 810 2331 ἤγγισαν
830 2249 886 2325 τὰς
910 2247 1102 2332 Πιίκτορας,
1124 2253 1318 2336 στραφέντες
1341 2247 1370 2313 οἱ
1387 2250 1483 2333 Ἀγα-

383 2350 474 2433 ρηνοί
494 2345 628 2427 ἐδίωξαν
648 2350 723 2424 τούς
744 2340 983 2434 Χριστιανούς,
1007 2354 1065 2431 Ὶκαί
1091 2346 1233 2434 ἔσφαξαν
1264 2350 1321 2413 osias
1348 2351 1483 2433 ὀλίγους,
1582 2362 1584 2371 ”

308 2534 312 2538 “
385 2445 481 2514 αδτοί
503 2452 538 2513 δὲ
560 2448 780 2537 διεσώθησαν(

476 2544 583 2627 Ἔτους
606 2555 640 2617 δὲ
663 2554 757 2634 6907,
780 2555 973 2631 ίνδικτιῶνος
992 2556 1021 2641 7,
1043 2552 1141 2638 μηνὸς
1158 2554 1343 2639 Ἀπριλλίου
1366 2558 1395 2635 5,
1419 2550 1481 2618 cirri

386 2654 421 2717 δὲ
442 2656 590 2736 Χριστοῦ
616 2655 705 2735 1399,
726 2651 803 2719 κατὰ
827 2652 860 2718 τὸ
879 2654 1073 2739 α’ντίτιασγα,
1100 2655 1302 2737 ἐκστρατεδει
1324 2652 1408 2720 κατὰ·
1428 2656 1484 2720 τοῦ
1492 2677 1528 2734 20

384 2757 415 2817 Γ
413 2753 482 2838 ιόνη
504 2758 564 2818 τοῦ,
582 2761 735 2839 Ζεντβίση
765 2755 903 2836 δ’ίζαοῡ
924 2755 1005 2839 μετὰ
1039 2755 1141 2841 πάσης
1159 2759 1214 2840 τῆς
1237 2757 1402 2837 δυνάμεως
1427 2751 1486 2818 αὖ.

384 2858 451 2917 τοῦ.
494 2853 685 2934 ἕπισυνοίξας
706 2851 761 2922 οὖν
775 2854 813 2921 τοὶ
836 2856 1068 2947 στρατεύματα,
1089 2856 1163 2934 τούς
1181 2880 1213 2921 τε
1228 2859 1486 2932 Μαλακασαιόυς

384 2960 440 3020 καί
458 2960 738 3042 Μαζαρακαιόυς,
766 2956 811 3024 ἔτι
833 2963 868 3025 δὲ
889 2959 943 3025 καί
973 2958 1049 3036 τούς
1072 2963 1131 3025 τοῦ
1152 2963 1324 3043 Παπίγκου
1346 2955 1402 3022 καί
1421 2959 1486 3045 τῶν

483 3293 546 3345 Post
566 3294 681 3344 multum
701 3293 802 3345 luctum
822 3301 850 3346 et
874 3309 1025 3346 moerorem
1050 3293 1107 3345 eius
1128 3311 1196 3348 uxor
1212 3293 1287 3344 laaus
1309 3293 1380 3351 iuste
1403 3308 1483 3363 pera·

382 3364 432 3416 ctis
453 3363 549 3415 diebus
569 3365 727 3432 lugubribus
748 3373 810 3433 post
827 3383 926 3416 annum
941 3383 1024 3415 unum
1042 3383 1056 3416 a
1076 3365 1243 3435 principibus
1256 3365 1311 3416 suis
1330 3372 1358 3415 st
1376 3363 1483 3414 archie—
1588 3387 1589 3390 ¹

382 3439 493 3506 piscopo
504 3431 630 3488 'monitus
661 3447 720 3500 est,
741 3447 771 3489 nt
790 3439 1015 3506 tranquillitatem
1035 3447 1063 3489 et
1081 3455 1173 3504 pacem
1194 3437 1301 3506 imperii
1320 3445 1435 3497 curaret,
1456 3444 1484 3486 et

382 3509 479 3560 lrenen
507 3509 604 3578 Spatae
630 3509 712 3559 filiam
749 3511 777 3559 in
805 3510 1004 3560 matrimonium
1032 3510 1125 3574 ducit;
1154 3509 1252 3560 mulier
1279 3516 1336 3559 erat
1362 3515 1483 3570 strenus,

381 3587 472 3630 mente
494 3589 521 3630 et
543 3579 745 3651 pulchritudine
764 3581 870 3641 decoro,
888 3589 915 3632 et
935 3583 1034 3631 virtute
1065 3580 1196 3644 praedita.
1234 3581 1336 3648 nuptiis
1357 3578 1482 3630 celebra·

381 3653 425 3712 tis,
444 3667 535 3701 mense
557 3653 688 3714 ianuario,
709 3652 867 3703 indictionis
885 3650 912 3716 4,
933 3669 1004 3703 anno
1025 3649 1111 3719 6904,
1138 3669 1165 3720 p.
1186 3651 1247 3704 Chr.
1268 3668 1292 3702 n
1316 3649 1391 3711 1396,
1412 3657 1483 3720 ραν,

382 3723 420 3773 cis
441 3723 536 3774 diebus
556 3732 617 3792 post
638 3725 766 3775 Branezes
786 3733 814 3775 et
841 3727 915 3776 laxes
945 3733 1038 3774 contra
1061 3723 1176 3774 Ginnem
1194 3721 1313 3792 profecti
1334 3731 1407 3785 sunt,
1428 3722 1506 3796 ibi·s

381 3809 436 3863 que
453 3803 661 3867 praetereuntes
688 3797 794 3863 sucepit
818 3795 868 3846 hos
887 3797 982 3866 Spatas
1010 3795 1038 3845 in
1065 3795 1174 3861 regions
1204 3794 1309 3856 Drisci‚
1330 3810 1481 3862 manusque
1559 3809 1560 3816 ¹

382 3875 586 3928 conseruerunt,
606 3875 634 3918 et
653 3866 797 3918 Christiani
816 3868 958 3920 ismaelitis
980 3866 1072 3917 multis
1092 3867 1243 3917 interfectis
1263 3865 1326 3915 illos
1346 3866 1482 3936 persecuti
1523 3873 1525 3882 '
1549 3887 1551 3904 ·

296 3988 301 3998 ¹
382 3945 446 3988 sunt
464 3955 549 4006 usque
568 3938 602 3988 ad
624 3938 862 3990 Phaneromenam.
902 3939 1044 3989 Albaniue
1063 3947 1152 3989 autem
1172 3936 1289 4004 praedae
1309 3944 1337 3986 et
1357 3938 1432 4003 lucro
1453 3953 1480 3984 se,
1522 3973 1532 3978 -

383 4007 536 4070 dederunt,
560 4011 688 4061 Barnezes
715 4010 837 4062 et-lascs
856 4027 914 4060 cum
937 4011 1115 4079 paucis‚·qui
1136 4018 1223 4060 tomen
1243 4009 1358 4060 trecenti
1379 4017 1406 4058 et
1426 4025 1482 4056 arn·

383 4080 455 4148 plius
475 4089 551 4131 erant
567 4098 696 4145 numero,
717 4091 860 4152 postquam
880 4083 908 4132 in
929 4083 991 4148 fuga
1017 4080 1051 4131 ad
1070 4081 1192 4132 Pactoras
1211 4087 1388 4142 accesserunt,
1411 4080 1483 4146 Aga-

383 4150 439 4200 reni
465 4151 562 4223 reversi
583 4152 751 4204 Christianos
777 4155 911 4224 persecuti
929 4161 1009 4218 sunt,
1030 4160 1057 4204 st
1085 4152 1281 4204 interfecerunt
1299 4168 1354 4203 non
1373 4168 1482 4219 paucos,
1578 4209 1580 4218 ,

289 4253 293 4256 ·
313 4243 321 4260 ·
382 4221 434 4289 ipsi
453 4229 543 4271 sutem
562 4222 629 4273 salvi
649 4224 838 4277 discesserunt!
1452 4253 1453 4256 ¹

483 4295 560 4341 Anno
580 4302 668 4344 autem
685 4295 770 4359 6907,
791 4297 948 4348 indictionis
969 4297 1004 4357 7,
1024 4295 1067 4347 slis
1089 4297 1105 4348 5
1124 4297 1222 4347 mansis
1242 4293 1351 4364 Aprilis,
1370 4311 1397 4363 p.
1419 4289 1481 4344 Chr.¹

381 4381 408 4415 n.
431 4360 516 4425 1399,
535 4363 604 4413 circa
630 4374 736 4436 tempus
766 4369 906 4436 paschale,
927 4371 999 4430 lasus
1020 4386 1079 4418 cum
1101 4375 1160 4418 toto
1181 4383 1228 4418 suo
1249 4367 1368 4418 exercitu
1387 4359 1483 4416 cont‘ra

381 4435 489 4489 Gionsn
514 4434 672 4488 Zenobisem
702 4439 884 4506 proficiscitur.
930 4457 990 4491 cum
1016 4441 1099 4506 igitur
1117 4440 1209 4508 copias
1230 4439 1371 4506 coegisset,
1391 4435 1482 4488 Mala·

381 4524 490 4579 essaeos
510 4516 537 4561 et
559 4507 760 4575 Mammenses,
779 4520 806 4564 et
826 4511 929 4564 incolas
948 4511 1057 4581 Papingi
1085 4517 1112 4562 et
1140 4510 1242 4578 Zagorii
1266 4517 1293 4562 et
1315 4508 1483 4580 Drynopolis

470 4638 484 4670 l
