3692 5350
747 570 1068 698 plenissemam
1370 593 1440 663 173
1555 622 1559 634 ·

347 767 465 825 νιακον,
488 740 567 807 inuri
587 740 654 806 έναι
679 740 841 829 α’πόφασις
870 748 932 810 τοόν
953 748 1051 810 θείων
1071 747 1252 811 ἀποστόλων
1280 750 1324 822 εἰς
1345 749 1446 828 τοῦτο,

347 850 402 908 καί
422 840 501 908 ἄλλα
523 836 628 906 drona
650 844 704 905 καί
724 842 903 923 παράνομα,
924 844 1006 907 <inuri
1025 839 1117 928 ἦσαν.
1162 846 1216 909 κατ’
1237 844 1306 910 τότε
1328 845 1377 911 νδ
1391 849 1446 910 έκ-

347 949 458 1027 λέξοντ’γ
476 942 532 1005 καί
553 941 763 1024 πατριάρχαι,
783 944 820 1004 να
839 935 1006 1020 καθέζεται
1031 944 1185 1028 εἰρηνικός
1208 949 1263 1009 καί
1283 946 1445 1011 danastri-

346 1049 457 1118 λιστος,
476 1040 577 1122 χωρὶς
598 1041 731 1104 κανέναν
753 1040 942 1123 πειρασμόν.
1244 1099 1248 1104 ,

320 1153 337 1203 5
421 1139 527 1219 Ὅμως
547 1122 576 1204 oi
598 1142 629 1203 Γ
627 1143 793 1202 αλατιανοί
819 1135 909 1221 εἶχαν
931 1141 1217 1225 μιγόληνδμαπην
1237 1143 1282 1215 εἰς
1310 1139 1362 1204 τόν
1384 1169 1445 1227 μη-

347 1239 532 1321 τροπολέτην
556 1241 780 1322 Νικομηδειάς,
802 1239 894 1322 κόριν
914 1238 1099 1320 Διονέσιον,
1123 1239 1253 1316 έσοντας
1274 1238 1311 1303 voi
1335 1238 1403 1303 έναι
1425 1242 1445 1324 ἦ

346 1341 486 1420 πατρίδα
517 1341 573 1402 τοῦ
596 1336 658 1400 α’πό
681 1339 747 1401 Ιτόν
769 1340 929 1419 Γαλατᾶν,
950 1338 1005 1402 καί
1024 1343 1093 1402 ἐκεῖ
1110 1336 1281 1421 ἐγεννήθη,
1304 1340 1361 1402 καί
1381 1347 1450 1404 ἐκεῖ

346 1440 519 1522 ἀνετράφη·
563 1438 618 1501 καί
639 1440 679 1500 ου’
698 1436 795 1517 μόνον
816 1435 844 1500 oi
861 1440 891 1500 Γ
890 1443 1056 1501 αλατιανοό
1080 1436 1135 1500 τόν
1158 1438 1353 1519 α’γαποῦσοιν,
1378 1438 1445 1524 α’μὴ

346 1541 400 1601 κατ’
426 1534 454 1599 οἱ
476 1540 725 1620 Καραμανῖται,
757 1540 812 1599 κατ’
832 1533 1014 1614 ἐπεθύμουν
1044 1537 1142 1599 πολλοὶ
1174 1536 1210 1599 vri
1233 1536 1286 1600 τόν
1308 1540 1446 1618 έκόμουν

303 1635 556 1719 1οπατριόρχηυ.
600 1635 655 1698 reci
677 1638 721 1708 εἰς
741 1636 798 1709 τός
820 1633 974 1697 descensu*
1005 1639 1063 1698 τοῦ
1084 1638 1264 1717 Ἀπριλλίου
1284 1634 1390 1718 μηνός,
1408 1634 1442 1699 τό

280 1775 299 1806 .·
345 1736 506 1816 σάββατον
525 1737 582 1797 rosi
604 1734 728 1796 δικαίου
753 1733 918 1816 Λαζάρου,
940 1731 1020 1815 έγινε
1035 1732 1166 1808 σύνοδος
1182 1733 1234 1798 διό
1256 1759 1343 1810 τινας
1365 1734 1445 1805 e‘uo·

344 1837 461 1915 θέσεις,
483 1836 538 1896 καί
557 1834 778 1912 καθεζομένων
801 1835 863 1895 τῶν
884 1832 1060 1913 α’ρχιτρέων
1074 1838 1129 1894 κατ’
1141 1836 1203 1896 τῶν
1225 1837 1379 1917 κληρικιόν
1392 1837 1446 1896 κατ’

343 1935 437 2013 μέρος
458 1935 520 1994 τῶν
543 1933 707 2011 α’ρχόντων
730 1934 784 1994 καί
805 1939 929 1998 πολλῶν
943 1928 1047 1994 ἄλλων
1070 1933 1207 2012 α’νδριόν,
1229 1936 1284 1994 καί
1305 1931 1340 1994 τό
1364 1936 1445 2014 πλῆ-

343 2035 400 2102 θος
422 2033 479 2093 τοῦ
501 2033 578 2094 λαοῦ
602 2024 674 2111 ἦτον
698 2029 810 2112 τίςτῆν
831 2028 938 2114 αόλὴν.
983 2035 1051 2092 ἐκεῖ
1067 2023 1123 2092 σόν
1143 2034 1364 2110 καθεζομένων
1387 2020 1443 2113 ἧλ-

299 2131 470 2202 astiensis
492 2133 581 2211 λόγον
602 2132 677 2209 περιΙ
697 2127 910 2212 πατριάρχου,
945 2130 988 2203 τός
1010 2125 1050 2192 δν
1072 2134 1257 2211 συναχθοόν
1280 2129 1308 2192 οἱ
1334 2126 1458 2217 degas-r·

342 2237 418 2310 ρεῖς,
439 2239 527 2292 ποῖον
559 2228 596 2293 να
627 2231 758 2307 κόμουν.
810 2233 865 2292 καί
892 2230 1038 2314 ε’σηκιόθη
1059 2231 1128 2293 τότε
1153 2229 1169 2291 ό
1190 2233 1288 2312 μέγας
1309 2229 1443 2294 causid-

341 2353 432 2410 ριος,
465 2329 480 2391 ὁ
505 2332 671 2411 Σεριιέτης,
694 2329 812 2410 όρθός,
841 2328 902 2391 α’πό
924 2327 988 2392 ’τόν
1020 2330 1115 2394 τόπον
1143 2329 1225 2392 inari
1247 2333 1445 2410 ἐκαθέζετον,

342 2425 397 2490 καί
418 2421 486 2489 εἷπε
507 2429 626 2512 μεγάλῃ
648 2432 686 2511 τῇ
707 2432 807 2513 φωνῇ.
840 2424 946 2508 “o‘iyrot
971 2430 1144 2508 α’ρχιερεΐς,
1165 2425 1348 2506 τιμιώτατοι
1369 2434 1505 2510 atq-166

332 2528 426 2608 ρικοί
448 2519 601 2608 α’δελφοέ,
632 2527 685 2588 καί
708 2522 815 2598 ὅλοςό
847 2525 922 2600 λαός
943 2531 1001 2588 τοῦ
1032 2531 1185 2607 Χριστοῦ,
1219 2525 1383 2590 α’κοόσατε.
1426 2525 1442 2589 ό

295 2627 448 2709 ἳθπροόην
477 2622 693 2707 πατριάρχης,
717 2626 805 2707 κόρις
823 2626 997 2707 Ἱερεμίας,
1021 2632 1150 2711 πολλαῖς
1181 2630 1243 2688 τιόν
1258 2630 1382 2710 popuii,
1401 2625 1444 2701 oie

341 2712 507 2803 ἐκαθέζετο
530 2728 601 2804 μεθ’
620 2724 716 2805 ἡμῶν
732 2730 795 2788 τοῖν
814 2727 980 2808 κληρικιόν,
1003 2724 1142 2809 οἶνὴφτρε
1163 2722 1209 2787 ὅτι
1231 2726 1443 2800 ἀποθανόντος

279 2876 281 2881 ,
343 2818 626 2897 αότοῦόλλοςόὲν
658 2822 726 2887 έναι
757 2822 795 2887 να
817 2830 897 2906 γένει
916 2818 1143 2908 πατριάρχης·
1185 2827 1281 2906 μόνον
1305 2824 1320 2887 ὁ
1344 2822 1442 2908 ἅγιος,

342 2920 360 2984 ό
372 2925 596 3007 Νικομηδειάς,
619 2925 701 2987 διότι
723 2921 790 2987 έναι
811 2923 947 2999 παλαιὸς
963 2924 1143 3008 α’ρχιερεός,
1164 2930 1312 3010 γέροντας
1333 2948 1442 2989 ταπει-

344 3231 428 3281 multa
447 3230 498 3279 alia
518 3229 634 3292 absurda
661 3239 689 3282 et
705 3230 812 3298 legibus
830 3232 941 3282 adversa
969 3240 1061 3282 contra
1080 3231 1249 3299 disciplinam
1270 3240 1369 3284 rectam
1388 3252 1440 3300 pu-

343 3318 424 3369 gnare
453 3301 494 3350 bis
519 3302 592 3351 vitiis
623 3302 769 3370 profligatis
801 3303 829 3353 in
848 3316 921 3353 sacro
941 3303 1059 3351 omnium
1079 3305 1197 3353 'concilio
1217 3303 1360 3369 legendum
1381 3321 1440 3355 esse

342 3370 531 3440 patriarcham,
549 3373 595 3439 qui
615 3373 740 3437 pacifice,
759 3372 861 3442 absque
881 3374 954 3423 omni
977 3371 1162 3434 offendiculo,
1182 3375 1248 3423 citra
1269 3390 1374 3427 omnem
1392 3391 1440 3424 ve-

342 3442 480 3493 xationem
500 3448 527 3491 et
545 3441 696 3492 molestiam
717 3460 834 3493 summae
859 3459 945 3493 rernm
965 3444 1074 3509 praesit.

363 3554 365 3560 ·
413 3530 451 3579 Eo
471 3538 592 3595 tempore
611 3530 724 3579 (letatus
746 3530 839 3597 oppidi
869 3530 939 3580 cives
961 3530 1138 3579 inclinatione
1159 3530 1277 3579 caritatis
1294 3528 1439 3579 admodum

342 3592 554 3667 propendebant
583 3601 610 3649 in
630 3601 822 3667 metropolitan
843 3598 1017 3649 Nicomediae
1039 3600 1215 3663 Dionysium.
1245 3600 1371 3668 eoquod
1391 3617 1438 3667 pa-

345 3671 394 3720 tria
415 3669 473 3720 eius
493 3670 589 3719 Galata
629 3679 701 3732 erat,
734 3688 803 3738 quae
823 3672 912 3736 ipsum
935 3678 963 3721 et
988 3678 1118 3735 genuerat
1136 3678 1163 3719 et
1183 3669 1351 3720 educaverat.
1388 3687 1439 3720 nec

342 3740 493 3791 Galatinnis
512 3738 591 3789 modu
611 3758 687 3790 carus
710 3750 775 3801 erat,
798 3741 846 3790 sed
868 3742 946 3790 etiam
967 3740 1142 3790 Caramanitis
1163 3757 1209 3789 seu
1231 3740 1370 3798 Cilicibus,
1389 3742 1437 3808 qui

341 3826 504 3878 magnopere
535 3827 594 3859 eum
616 3811 673 3859 fieri
697 3810 872 3877 patriarcham
903 3811 1058 3859 studebant.
1098 3811 1190 3877 itaque
1213 3809 1244 3859 17
1266 3809 1310 3859 die
1330 3812 1438 3877 Aprilis,

341 3880 455 3930 sabbato
473 3881 536 3929 iusti
557 3881 663 3940 Lazari,
683 3881 802 3945 synodus
832 3889 941 3949 propter
969 3880 1077 3947 negotia
1104 3879 1236 3947 quaedam
1256 3880 1369 3930 collecta
1388 3880 1437 3931 eit.

340 3952 380 4000 ibi
401 3950 561 4001 sedentibus
588 3952 763 4018 pontificibus
790 3960 818 3999 et
849 3951 953 4001 clericis
973 3959 1001 4000 et
1021 3958 1096 4017 parte
1118 3967 1256 4017 procerum
1277 3951 1438 4001 secularium

341 4031 369 4071 et
387 4022 477 4071 multis
500 4021 576 4082 aliis,
604 4030 818 4089 congregataque
839 4019 1017 4071 multitudine
1041 4018 1129 4087 plebis
1150 4021 1178 4069 in
1197 4037 1267 4080 area,
1286 4037 1373 4071 sermo
1396 4023 1439 4071 in-

341 4092 409 4142 cidit
426 4090 460 4141 de
480 4090 648 4158 patriarcha,
668 4093 790 4158 quisnam
821 4090 849 4141 in
869 4090 1026 4158 pontificum
1046 4099 1179 4141 conventu
1200 4089 1339 4140 faciendus
1359 4100 1437 4142 esset.

340 4170 406 4213 tunc
431 4178 542 4227 maguus
561 4164 733 4222 sacellarius,
752 4160 862 4211 nomine
882 4162 1013 4227 Serpeta,
1044 4160 1078 4209 dc
1105 4159 1164 4211 loco
1189 4177 1239 4210 suo
1256 4162 1391 4222 surrexit,
1410 4170 1439 4212 et

340 4241 412 4283 stans
435 4239 539 4283 erectus
558 4232 628 4281 clara
648 4247 711 4281 voce
734 4230 811 4280 diris.
856 4230 960 4279 “sancti
983 4230 1140 4296 pontifices,
1160 4231 1327 4281 venerabiles
1346 4232 1438 4281 clerici

341 4303 445 4362 fratres,
463 4310 491 4352 et
509 4303 633 4351 universe
652 4302 759 4369 piorum
781 4306 889 4359 coetus,
908 4300 1068 4350 auscultate.
1106 4301 1180 4369 prior
1201 4300 1351 4369 patriarcha
1374 4302 1438 4351 feli·

339 4372 378 4423 cis
401 4373 552 4430 memoriae,
574 4372 730 4430 Hieremias,
751 4386 955 4437 saepenumero,
976 4370 1085 4438 quando
1101 4388 1166 4421 *cum
1184 4373 1290 4422 clericis
1308 4370 1389 4421 nobis
1408 4386 1437 4419 se

340 4441 433 4507 debat,
452 4442 586 4493 referebat
604 4458 632 4493 se
649 4450 754 4494 mortuo
772 4441 856 4492 alium
875 4441 1011 4492 neminem
1034 4434 1095 4493 esse
1109 4442 1157 4510 qni
1179 4441 1257 4510 fieret
1276 4438 1437 4511 patriarcba,
