3692 5350
754 573 1073 667 rarumacorcr.
1328 585 1336 602 ·
1384 569 1454 637 ιιι

1310 684 1316 704 r

355 721 521 806 σιντοάιιη·
544 723 598 786 καί
615 717 682 786 δ’σοι
705 715 785 805 ἦσαν
801 724 870 786 tna
889 727 1038 801 σιμοῖτοῦ
1057 723 1248 802 σιντουιιέσυ,
1267 712 1383 785 άιιουον
1401 720 1455 785 ιὸν
1535 777 1538 784 .

355 820 497 900 ἔκτυπον,
516 822 599 883 διιοῦ
614 820 749 937 έχώριζε
765 819 936 885 ιώκαλον’
914 819 977 884 αιιό
997 819 1031 885 r6
1054 820 1194 883 ιώιιαλον.
1229 842 1280 882 ιιαι
1277 820 1453 902 έδιιλιλθη
1529 829 1536 836 ’

338 911 339 916 ¹
357 916 457 984 6tov'
441 927 539 984 εκεῖνο
555 918 590 982 τὸ
603 916 715 1001 κορμη,
732 943 784 981 και
806 918 966 994 τιλεέως’
949 916 1110 1001 εχώρισαν
1126 914 1260 992 ὅλαις
1227 944 1260 981 αι
1276 917 1453 1003 άρμονιάις,

330 1009 333 1012 ’
354 1041 407 1080 και
404 1014 684 1099 “’έσυγχωρήθη
652 1039 686 1079 το
703 1017 939 1097 ταλαιΗπωρον
922 1026 1023 1081 ειιιῖνο
1040 1020 1150 1099 ιιορμῆ,
1173 1014 1253 1078 διιοῦ
1267 1015 1454 1099 εἰιατηγόρη

330 1126 409 1180 5σιν
431 1112 614 1190 αἰλιίιωςτόν
629 1114 820 1196 ἡγιασμένον
833 1117 1026 1200 ιιαριάρχην.
1048 1115 1105 1178 arui
1126 1102 1173 1177 06
1183 1113 1278 1194 μόνον
1297 1112 1331 1177 τὸ
1351 1111 1451 1196 ιιορμη

354 1212 453 1295 αὐτῆς
466 1214 676 1296 έσυγχωρὴθη
689 1212 743 1276 καί
756 1215 928 1298 έδιαλάθη·
946 1214 1018 1299 α’μη
1034 1215 1091 1278 uui
1102 1214 1121 1296 6
1133 1210 1225 1295 ψυχά
1247 1213 1347 1295 αάτῆς
1360 1215 1453 1276 έλιυ-
1464 1207 1526 1274 136
1552 1222 1556 1231 ’

287 1303 291 1310 δ’
354 1317 490 1394 θερωθη
506 1311 568 1400 6716
590 1309 647 1393 την
666 1310 797 1376 κόλασιν
817 1311 872 1375 nat
891 1315 1030 1393 αἰτέλαβι
1059 1313 1115 1376 τόν
1138 1310 1345 1392 παράδεισον,
1371 1304 1453 1375 διότι

353 1413 461 1474 τοῦτοι
483 1408 565 1472 ὁιιοῦ
587 1408 788 1488 ιάρέσιιονται
810 1411 1040 1495 ἀφωρισμέναι,
1063 1406 1161 1494 ἤγουν
1180 1404 1282 1474 άλυτα
1302 1415 1357 1474 καί
1376 1399 1454 1474 dxt-

355 1532 432 1587 ραια
454 1507 490 1572 τά
522 1511 636 1588 ιιαρμέα
661 1508 786 1593 αάτών,
819 1513 914 1574 ου’τοιΙ
946 1513 1073 1575 δέονται
1098 1511 1300 1592 συγχώρησιν
1333 1509 1388 1571 διὰ
1411 1508 1451 1572 νά

314 1608 646 1689 ιοέλιυθιρωθοιῖν’
625 1606 686 1676 αιιὸ
716 1605 770 1672 ιὸν
801 1608 918 1689 δισμὸν
941 1613 997 1673 τοῦ
1017 1611 1220 1694 ἅφορισμοῦ,
1241 1609 1322 1671 διότι
1343 1605 1452 1682 καθώς

355 1703 536 1786 εὑρίσκεται
558 1703 595 1766 τά
620 1708 721 1786 κορμῆ
744 1708 910 1786 δεδεμένον
929 1733 981 1770 και
977 1700 1116 1783 άλυτον
1136 1729 1182 1780 εις
1200 1704 1333 1788 τὴνγῆν,
1353 1700 1451 1779 οὕτως

353 1799 423 1865 έναι
447 1827 500 1866 ιιαι
523 1803 540 1885 6
560 1801 652 1886 ιιιυχηΙ
670 1806 820 1889 δεδεμένη
841 1809 896 1870 καί
916 1811 1094 1919 κολασμέιη
1115 1829 1159 1880 εις
1179 1814 1290 1888 χεῖρας
1311 1828 1366 1868 του
1353 1806 1451 1868 δια·

354 1897 469 2024 βάλον·
511 1906 565 1966 καί
587 1899 663 1966 ὅταν
693 1899 774 1988 λάβη
797 1902 832 1966 τὸ
856 1910 959 1989 ιιορμῆ
981 1903 1214 1988 συγχώρησιν
1205 1902 1260 1967 καί
1280 1904 1408 1991 tvttj’
1385 1903 1449 1966 αιιό

355 1999 410 2062 τὸν
430 2001 620 2086 άφορισμόν,
642 2002 720 2065 θεοῦ
744 2000 882 2084 δυνάμει
902 2007 1131 2086 ἐλευθεροῦται
1158 2003 1212 2065 ιιαέ
1233 1998 1252 2086 6
1273 1999 1364 2082 ψυχή
1387 1999 1449 2064 aar*

313 2101 409 2214 15r6c
426 2109 538 2182 χεῖρας
558 2105 614 2164 τοῦ
634 2081 796 2182 διαβόλου,
819 2104 874 2165 aad
892 2101 1046 2183 λαμβάνει
1068 2098 1152 2182 ζωήν
1170 2098 1227 2183 την
1248 2098 1453 2167 αἰώνιον.καί

353 2196 388 2261 τά
413 2187 482 2282 φώς
504 2197 539 2261 ιό
564 2199 746 2324 άνέσιιιρον.
796 2195 883 2280 άμως
904 2204 1012 2264 τοῦιοι
1044 2195 1123 2262 ὄιτοιῖ
1144 2197 1273 2262 ἔστικαν
1296 2200 1377 2279 σιμά
1395 2200 1453 2263 τοῦ
1482 2261 1484 2267 ,
1511 2222 1516 2232 ¹

353 2302 546 2376 σεντοιιιιέου,
569 2294 646 2380 ὅπερ
671 2293 748 2379 ἦτον
777 2300 794 2422 6
830 2303 1040 2387 ἀφωρισμένη
1060 2303 1165 2379 μέσα,
1174 2297 1229 2372 uic
1250 2289 1390 2417 ἥκουσαν
1410 2296 1446 2361 τά

354 2393 493 2480 φοβεράν
514 2396 658 2476 θαῦμα’
645 2408 753 2480 euacua,
775 2400 858 2463 6606
879 2403 1083 2490 έκτυιιοάσαν
1099 2425 1136 2462 τα
1128 2397 1272 2460 ιιάιιαλα
1293 2398 1349 2460 καί
1367 2396 1451 2480 ἐγώ.

355 2493 491 2573 ριζαν“
476 2521 530 2558 ενα
563 2491 626 2558 άιιά
654 2497 688 2560 τὰ
711 2493 799 2578 άλλο,
823 2484 966 2582 μεγάλας
988 2481 1195 2578 ἐθαύμασαν,
1225 2499 1280 2560 καί
1301 2495 1355 2560 ιόν
1375 2494 1450 2560 θεὸν

311 2591 433 2671 ιομιτά
469 2593 617 2677 δακρύων
650 2600 889 2679 ηιῖχαρίστησαν
914 2596 968 2662 τόν
999 2599 1151 2658 ιιοιοῦντα
1173 2597 1297 2671 έξαέσια
1319 2596 1376 2658 καί
1391 2618 1449 2675 μι.

282 2752 283 2757 ,
354 2689 435 2774 γάλα
462 2695 624 2774 θαύματα.
675 2693 785 2757 λοιιιὸν
816 2694 902 2759 ώσάν
924 2694 1093 2778 ἐτελειώθη
1120 2694 1357 2777 ἧλιιτουργιά,
1378 2692 1450 2777 έσὴ-

355 2816 461 2858 κωσαν
478 2792 516 2857 ἰὀ
540 2795 688 2878 σιντοάιιη
710 2795 751 2875 μὲ
773 2794 808 2858 τὸ
832 2797 994 2875 λείψανον,
1013 2796 1068 2866 καί
1089 2796 1122 2858 τὸ
1145 2794 1263 2876 ἔβαλαν
1286 2797 1354 2858 tuor*
1370 2793 1450 2857 ὃιιοῦ

357 3077 444 3127 anima
467 3076 545 3127 etiam
565 3077 714 3128 inferorum
737 3078 898 3129 cruciatibus
920 3078 1036 3131 liberata
1059 3080 1087 3130 in
1116 3079 1268 3147 paradisum
1287 3079 1371 3130 venit¹
1409 3078 1450 3129 illi

260 3204 266 3213 ἱ
356 3162 471 3215 namque
491 3148 537 3214 qui
558 3148 728 3199 anathemate
746 3150 864 3217 percussi
878 3149 912 3199 ab
933 3151 1047 3201 ecclesia
1066 3152 1185 3213 exulant,
1204 3168 1263 3200 cum
1282 3166 1373 3199 eorum
1391 3166 1450 3200 cor-

355 3232 421 3285 pora
440 3226 567 3268 maneant
596 3220 756 3270 indissoluta
786 3229 814 3270 et
839 3221 961 3287 integra,
987 3219 1112 3287 indigent
1139 3223 1243 3270 animaie
1267 3218 1450 3281 a'bsolmioue,

356 3304 469 3356 eamque
490 3296 630 3355 expetunt,
651 3298 681 3340 ut
702 3290 852 3341 liberentur
868 3291 978 3341 vruculo
993 3291 1176 3357 relegationis
1196 3308 1256 3340 nam
1273 3290 1451 3357 quemadmo-

296 3396 299 3406 .
356 3356 419 3407 dum
441 3374 552 3441 corpora
573 3376 664 3410 eorum
684 3361 772 3412 vincta
792 3368 855 3411 sunt
873 3377 923 3411 nec
941 3377 956 3409 a
977 3367 1047 3410 terra
1066 3369 1268 3418 consumuntur,
1287 3361 1324 3408 sic
1344 3360 1450 3409 animae

356 3445 466 3497 quoque
491 3429 609 3497 ipsorum
630 3428 735 3480 vinctae
758 3430 881 3481 manibus
909 3430 1013 3481 diaboli
1033 3432 1173 3498 acpoenis
1192 3430 1333 3487 obnoxiae,
1351 3437 1449 3479 tenen-

356 3505 409 3547 tur.
446 3498 554 3566 quando
573 3508 662 3550 autem
682 3517 779 3569 corpus
796 3502 901 3551 veniam
923 3502 1030 3568 accipit,
1048 3501 1226 3551 execrationis
1245 3499 1353 3549 vinculo
1372 3498 1448 3549 solu·

356 3575 430 3627 tum,
450 3568 501 3619 deo
530 3569 600 3620 bene
619 3572 729 3621 iuvante
747 3572 827 3623 etiam
850 3572 940 3621 anima
964 3570 1010 3621 ιλιι
1016 3564 1141 3621 manibus
1160 3570 1263 3620 diaboli
1286 3569 1370 3618 libera
1387 3570 1450 3629 enit,

360 3647 388 3687 ιιι
409 3640 638 3690 vitaruaeternam
659 3643 800 3711 lucemque
814 3642 889 3691 allam
901 3657 1027 3709 vesperae
1047 3649 1195 3708 expertem
1214 3635 1380 3707 adipiscitur
1402 3637 1450 3688 aed

355 3707 389 3756 ad
407 3708 543 3759 historiam
562 3719 680 3761 nostram
700 3719 827 3763 revertor.
863 3711 905 3761 illi
926 3712 973 3780 qui
992 3719 1059 3773 tunc
1075 3727 1152 3760 arcae
1172 3710 1246 3759 illam
1266 3709 1450 3759 excommnui-

354 3771 489 3829 c'ationem
517 3782 668 3832 continenti
687 3782 829 3842 astabant,
859 3782 955 3832 audito
974 3781 1023 3831 illo
1042 3779 1182 3832 tremendo
1201 3779 1327 3830 miraculo
1346 3779 1447 3829 ossium

355 3850 522 3915 crepantium
557 3859 585 3902 et
612 3852 734 3903 interae
760 3851 1137 3919 singulatirnreccdentium,
1156 3866 1251 3917 magna
1269 3848 1447 3898 admiratione

282 3964 285 3977 ,
356 3920 446 3969 affecti
468 3928 538 3979 sunt,
557 3938 588 3972 ac
606 3921 658 3972 deo
679 3939 738 3973 cum
761 3922 877 3973 lacrimis
896 3922 995 3989 gratias
1014 3930 1127 3989 egerunt
1145 3920 1256 3971 facienti
1275 3919 1396 3985 ingentia
1418 3927 1446 3969 et

354 3990 487 4057 stupenda
507 3991 643 4042 miracula.
682 3991 780 4041 deinde
799 4000 906 4059 peracta
924 3992 1030 4059 liturgia
1049 4008 1136 4047 arcam
1161 4007 1221 4041 cum
1242 3988 1371 4040 cadavere
1391 3991 1446 4039 tol-

354 4059 442 4110 lentes
462 4070 639 4130 reposueruut
657 4063 684 4113 in
704 4060 810 4124 οοδιιω,
829 4062 875 4112 ubi
893 4063 1085 4123 aurearoma,
1100 4061 1209 4122 sacello,
1231 4058 1363 4129 idquede
1385 4076 1447 4109 serr·
1486 4094 1491 4099 -

267 4158 269 4162 .
330 4118 440 4181 ‘tentia
462 4140 489 4181 et
515 4132 640 4183 mandato
670 4133 823 4201 principum
848 4149 862 4181 a
895 4132 1002 4190 sultano
1031 4132 1170 4181 missorum
1192 4130 1266 4200 quod
1293 4148 1351 4180 cum
1360 4132 1447 4180 'intus

354 4199 556 4285 deposuissent,
576 4203 734 4252 clauserunt
749 4202 818 4251 iores
838 4210 865 4252 ct
878 4201 1045 4259 obserarunt,
1064 4202 1237 4269 sigillumque
1252 4202 1325 4268 regis‘
1332 4202 1446 4268 impres-

354 4279 456 4331 serunt,
474 4288 501 4322 er
521 4274 556 4322 rei
577 4288 682 4322 causam
702 4272 782 4323 daut
804 4272 944 4321 innumera
965 4272 1058 4338 populi
1078 4273 1264 4323 multitudiue
1301 4270 1365 4321 inde
1386 4278 1446 4337 post

354 4339 413 4390 'dies
433 4341 540 4409 aliquot
575 4350 752 4393 removerunt
769 4342 873 4409 siguum
895 4359 949 4410 quo
975 4342 1117 4405 sacellum,
1139 4342 1238 4394 deinde
1258 4343 1373 4393 alterum
1393 4357 1447 4407 quo

354 4426 415 4463 arca
434 4412 602 4481 obsignatum
631 4421 701 4475 erat,
723 4420 751 4465 et
771 4428 856 4464 seram
875 4413 950 4468 clave
976 4415 1157 4482 aperuerunt,
1176 4413 1284 4485 quando
1304 4427 1401 4482 corpus
1417 4411 1446 4459 in
