<?xml version="1.0" encoding="UTF-8"?>
<!DOCTYPE html PUBLIC "-//W3C//DTD XHTML 1.0 Transitional//EN"
    "http://www.w3.org/TR/xhtml1/DTD/xhtml1-transitional.dtd">
<html xmlns="http://www.w3.org/1999/xhtml" xml:lang="en" lang="en">
 <head>
  <title>
</title>
<meta http-equiv="Content-Type" content="text/html;charset=utf-8" />
  <meta name='ocr-system' content='tesseract 3.04.00' />
  <meta name='ocr-capabilities' content='ocr_page ocr_carea ocr_par ocr_line ocrx_word'/>
</head>
<body>
  <div class='ocr_page' id='page_1' title='image "./historiapolitic00bekkgoog_0038.png"; bbox 0 0 3692 5350; ppageno 0'>
   <div class='ocr_carea' id='block_1_1' title="bbox 396 570 1051 646">
    <p class='ocr_par' dir='ltr' id='par_1_1' title="bbox 396 570 1051 646">
     <span class='ocr_line' id='line_1_1' title="bbox 396 570 1051 646; baseline -0.006 0"><span class='ocrx_word' id='word_1_1' title='bbox 396 570 448 646; x_wconf 81' lang='grc'><strong>30</strong></span> <span class='ocrx_word' id='word_1_2' title='bbox 854 576 1051 643; x_wconf 71' lang='grc' dir='ltr'><strong>ΗΙὸΊὈΙλΙΑ</strong></span> 
     </span>
    </p>
   </div>
   <div class='ocr_carea' id='block_1_2' title="bbox 320 718 1617 2710">
    <p class='ocr_par' dir='ltr' id='par_1_2' title="bbox 395 718 1556 912">
     <span class='ocr_line' id='line_1_2' title="bbox 395 718 1556 813; baseline -0.003 -21"><span class='ocrx_word' id='word_1_3' title='bbox 395 730 575 813; x_wconf 73' lang='grc' dir='ltr'><strong><em>παρρησίας</em></strong></span> <span class='ocrx_word' id='word_1_4' title='bbox 598 727 732 791; x_wconf 69' lang='grc' dir='ltr'><strong><em>ἐνώπιον</em></strong></span> <span class='ocrx_word' id='word_1_5' title='bbox 760 728 862 791; x_wconf 77' lang='lat' dir='ltr'><strong>adteri</strong></span> <span class='ocrx_word' id='word_1_6' title='bbox 881 718 951 790; x_wconf 76' lang='grc' dir='ltr'><strong><em>εἶπε</em></strong></span> <span class='ocrx_word' id='word_1_7' title='bbox 971 724 1071 792; x_wconf 84' lang='grc' dir='ltr'><strong><em>πολλά</em></strong></span> <span class='ocrx_word' id='word_1_8' title='bbox 1088 724 1258 792; x_wconf 68' lang='lat' dir='ltr'><strong>aureuma</strong></span> <span class='ocrx_word' id='word_1_9' title='bbox 1280 727 1335 790; x_wconf 83' lang='grc' dir='ltr'><strong><em>καί</em></strong></span> <span class='ocrx_word' id='word_1_10' title='bbox 1358 722 1488 795; x_wconf 81' lang='grc' dir='ltr'><strong><em>α’ποδει-</em></strong></span> <span class='ocrx_word' id='word_1_11' title='bbox 1554 718 1556 721; x_wconf 56' lang='grc'><strong>’</strong></span> 
     </span>
     <span class='ocr_line' id='line_1_3' title="bbox 395 821 1490 912; baseline -0.005 -21"><span class='ocrx_word' id='word_1_12' title='bbox 395 828 483 891; x_wconf 84' lang='grc' dir='ltr'><strong><em>κτικά</em></strong></span> <span class='ocrx_word' id='word_1_13' title='bbox 499 830 552 910; x_wconf 80' lang='grc' dir='ltr'><strong>τῆς</strong></span> <span class='ocrx_word' id='word_1_14' title='bbox 570 829 704 901; x_wconf 79' lang='grc' dir='ltr'><strong><em>πίστεως</em></strong></span> <span class='ocrx_word' id='word_1_15' title='bbox 717 824 886 912; x_wconf 85' lang='grc' dir='ltr'><strong><em>κεφάλαια,</em></strong></span> <span class='ocrx_word' id='word_1_16' title='bbox 906 829 962 890; x_wconf 82' lang='grc' dir='ltr'><strong><em>καί</em></strong></span> <span class='ocrx_word' id='word_1_17' title='bbox 977 824 1013 890; x_wconf 85' lang='grc' dir='ltr'><strong><em>τδ</em></strong></span> <span class='ocrx_word' id='word_1_18' title='bbox 1031 821 1275 909; x_wconf 71' lang='grc' dir='ltr'><strong><em>μυστηριοντῆς</em></strong></span> <span class='ocrx_word' id='word_1_19' title='bbox 1291 822 1382 907; x_wconf 58' lang='lat' dir='ltr'><strong>clytos</strong></span> <span class='ocrx_word' id='word_1_20' title='bbox 1396 822 1490 907; x_wconf 85' lang='grc' dir='ltr'><strong><em>τριά-</em></strong></span> 
     </span>
    </p>

    <p class='ocr_par' dir='ltr' id='par_1_3' title="bbox 372 919 1589 1601">
     <span class='ocr_line' id='line_1_4' title="bbox 372 919 1490 1016; baseline -0.004 -24"><span class='ocrx_word' id='word_1_21' title='bbox 372 975 374 978; x_wconf 92' lang='grc'>-</span> <span class='ocrx_word' id='word_1_22' title='bbox 395 932 450 1002; x_wconf 88' lang='grc' dir='ltr'><strong><em>δος</em></strong></span> <span class='ocrx_word' id='word_1_23' title='bbox 470 930 679 1010; x_wconf 73' lang='grc' dir='ltr'><strong><em>ἐφανέρωσεν,</em></strong></span> <span class='ocrx_word' id='word_1_24' title='bbox 701 926 743 1000; x_wconf 77' lang='grc' dir='ltr'><strong><em>ὥς</em></strong></span> <span class='ocrx_word' id='word_1_25' title='bbox 758 924 833 1008; x_wconf 80' lang='grc' dir='ltr'><strong><em>ἔδει,</em></strong></span> <span class='ocrx_word' id='word_1_26' title='bbox 855 928 910 991; x_wconf 81' lang='grc' dir='ltr'><strong><em>καί</em></strong></span> <span class='ocrx_word' id='word_1_27' title='bbox 931 920 979 990; x_wconf 84' lang='grc' dir='ltr'><strong><em>δτι</em></strong></span> <span class='ocrx_word' id='word_1_28' title='bbox 1001 922 1128 1007; x_wconf 82' lang='grc' dir='ltr'><strong><em>δλόγος</em></strong></span> <span class='ocrx_word' id='word_1_29' title='bbox 1142 927 1201 987; x_wconf 80' lang='grc' dir='ltr'><strong><em>τοῦ</em></strong></span> <span class='ocrx_word' id='word_1_30' title='bbox 1220 927 1309 1003; x_wconf 73' lang='grc' dir='ltr'><strong><em>θεοῦ,</em></strong></span> <span class='ocrx_word' id='word_1_31' title='bbox 1332 920 1347 985; x_wconf 84' lang='grc' dir='ltr'><strong><em>ά</em></strong></span> <span class='ocrx_word' id='word_1_32' title='bbox 1366 919 1411 999; x_wconf 82' lang='grc' dir='ltr'><strong>εἷς</strong></span> <span class='ocrx_word' id='word_1_33' title='bbox 1433 928 1490 1016; x_wconf 75' lang='grc' dir='ltr'><strong>τῆς</strong></span> 
     </span>
     <span class='ocr_line' id='line_1_5' title="bbox 396 1018 1561 1107; baseline -0.001 -18"><span class='ocrx_word' id='word_1_34' title='bbox 396 1021 535 1106; x_wconf 78' lang='grc' dir='ltr'><strong>τριάδος,</strong></span> <span class='ocrx_word' id='word_1_35' title='bbox 560 1028 616 1089; x_wconf 78' lang='grc' dir='ltr'><strong><em>τοῦ</em></strong></span> <span class='ocrx_word' id='word_1_36' title='bbox 636 1019 706 1100; x_wconf 73' lang='grc' dir='ltr'><strong><em>ἑνὸς</em></strong></span> <span class='ocrx_word' id='word_1_37' title='bbox 735 1024 873 1107; x_wconf 75' lang='grc' dir='ltr'><strong><em>ἀληθοῦς</em></strong></span> <span class='ocrx_word' id='word_1_38' title='bbox 900 1026 1000 1103; x_wconf 70' lang='grc' dir='ltr'><strong><em>θεοῦ,</em></strong></span> <span class='ocrx_word' id='word_1_39' title='bbox 1033 1023 1118 1089; x_wconf 77' lang='grc' dir='ltr'><strong><em>ἔστιν</em></strong></span> <span class='ocrx_word' id='word_1_40' title='bbox 1143 1020 1160 1085; x_wconf 83' lang='grc' dir='ltr'>ὁ</span> <span class='ocrx_word' id='word_1_41' title='bbox 1183 1022 1360 1105; x_wconf 76' lang='grc' dir='ltr'><strong><em>σαρκωθεδς</em></strong></span> <span class='ocrx_word' id='word_1_42' title='bbox 1381 1027 1416 1088; x_wconf 77' lang='grc' dir='ltr'><strong>ἐκ</strong></span> <span class='ocrx_word' id='word_1_43' title='bbox 1435 1026 1491 1105; x_wconf 78' lang='grc' dir='ltr'><strong>τῆς</strong></span> <span class='ocrx_word' id='word_1_44' title='bbox 1560 1018 1561 1023; x_wconf 50' lang='grc'>’</span> 
     </span>
     <span class='ocr_line' id='line_1_6' title="bbox 396 1118 1516 1211; baseline 0 -24"><span class='ocrx_word' id='word_1_45' title='bbox 396 1126 555 1206; x_wconf 78' lang='grc' dir='ltr'><strong><em>πανάγνον</em></strong></span> <span class='ocrx_word' id='word_1_46' title='bbox 587 1127 640 1187; x_wconf 82' lang='grc' dir='ltr'><strong><em>κατ’</em></strong></span> <span class='ocrx_word' id='word_1_47' title='bbox 670 1123 763 1206; x_wconf 79' lang='grc' dir='ltr'><strong><em>ἀμἀς</em></strong></span> <span class='ocrx_word' id='word_1_48' title='bbox 784 1126 947 1203; x_wconf 76' lang='grc' dir='ltr'><strong><em>παρθένου</em></strong></span> <span class='ocrx_word' id='word_1_49' title='bbox 969 1124 1011 1185; x_wconf 89' lang='grc' dir='ltr'><strong>δι’</strong></span> <span class='ocrx_word' id='word_1_50' title='bbox 1037 1118 1121 1203; x_wconf 77' lang='grc' dir='ltr'><strong><em>ἡμᾶς</em></strong></span> <span class='ocrx_word' id='word_1_51' title='bbox 1148 1120 1203 1185; x_wconf 75' lang='grc' dir='ltr'><strong><em>κατ’</em></strong></span> <span class='ocrx_word' id='word_1_52' title='bbox 1226 1120 1279 1185; x_wconf 85' lang='grc' dir='ltr'><strong><em>διά</em></strong></span> <span class='ocrx_word' id='word_1_53' title='bbox 1291 1122 1356 1206; x_wconf 75' lang='grc' dir='ltr'><strong><em>ιτην</em></strong></span> <span class='ocrx_word' id='word_1_54' title='bbox 1378 1121 1516 1211; x_wconf 71' lang='grc' dir='ltr'><strong><em>ἤμεσέ-5</em></strong></span> 
     </span>
     <span class='ocr_line' id='line_1_7' title="bbox 397 1211 1589 1306; baseline -0.001 -23"><span class='ocrx_word' id='word_1_55' title='bbox 397 1245 457 1303; x_wconf 89' lang='grc' dir='ltr'><strong><em>ραν</em></strong></span> <span class='ocrx_word' id='word_1_56' title='bbox 477 1227 671 1306; x_wconf 67' lang='grc' dir='ltr'><strong><em>σωτηρίαν,</em></strong></span> <span class='ocrx_word' id='word_1_57' title='bbox 689 1226 744 1286; x_wconf 75' lang='grc' dir='ltr'><strong><em>κατ’</em></strong></span> <span class='ocrx_word' id='word_1_58' title='bbox 766 1218 812 1284; x_wconf 79' lang='grc' dir='ltr'><strong><em>ὅτι</em></strong></span> <span class='ocrx_word' id='word_1_59' title='bbox 842 1221 995 1283; x_wconf 74' lang='grc' dir='ltr'><strong><em>ἀπέθανε</em></strong></span> <span class='ocrx_word' id='word_1_60' title='bbox 1012 1218 1067 1284; x_wconf 75' lang='grc' dir='ltr'><strong><em>κατ’</em></strong></span> <span class='ocrx_word' id='word_1_61' title='bbox 1086 1211 1230 1303; x_wconf 83' lang='grc' dir='ltr'><strong><em>άνέστη,</em></strong></span> <span class='ocrx_word' id='word_1_62' title='bbox 1253 1224 1306 1285; x_wconf 80' lang='grc' dir='ltr'><strong><em>κατ’</em></strong></span> <span class='ocrx_word' id='word_1_63' title='bbox 1326 1216 1373 1284; x_wconf 81' lang='grc' dir='ltr'><strong><em>δτι</em></strong></span> <span class='ocrx_word' id='word_1_64' title='bbox 1397 1220 1491 1299; x_wconf 69' lang='lat' dir='ltr'><strong>adroic</strong></span> <span class='ocrx_word' id='word_1_65' title='bbox 1588 1240 1589 1247; x_wconf 55' lang='lat'>¹</span> 
     </span>
     <span class='ocr_line' id='line_1_8' title="bbox 396 1311 1493 1401; baseline -0.003 -17"><span class='ocrx_word' id='word_1_66' title='bbox 396 1311 483 1384; x_wconf 76' lang='grc' dir='ltr'><strong><em>ἐστιν</em></strong></span> <span class='ocrx_word' id='word_1_67' title='bbox 509 1317 524 1381; x_wconf 78' lang='grc' dir='ltr'>ὅ</span> <span class='ocrx_word' id='word_1_68' title='bbox 553 1326 677 1401; x_wconf 84' lang='grc' dir='ltr'><strong><em>μέλλων</em></strong></span> <span class='ocrx_word' id='word_1_69' title='bbox 706 1318 859 1400; x_wconf 72' lang='grc' dir='ltr'><strong><em>ἔρχεσθαι</em></strong></span> <span class='ocrx_word' id='word_1_70' title='bbox 891 1327 997 1400; x_wconf 83' lang='grc' dir='ltr'><strong><em>κρῖναι</em></strong></span> <span class='ocrx_word' id='word_1_71' title='bbox 1025 1320 1144 1399; x_wconf 77' lang='grc' dir='ltr'><strong><em>ζῶντας</em></strong></span> <span class='ocrx_word' id='word_1_72' title='bbox 1164 1319 1231 1383; x_wconf 57' lang='grc' dir='ltr'><strong>.καί</strong></span> <span class='ocrx_word' id='word_1_73' title='bbox 1255 1316 1394 1399; x_wconf 75' lang='grc' dir='ltr'><strong><em>νεκρούς.</em></strong></span> <span class='ocrx_word' id='word_1_74' title='bbox 1438 1318 1493 1381; x_wconf 76' lang='grc' dir='ltr'><strong><em>κατ’</em></strong></span> 
     </span>
     <span class='ocr_line' id='line_1_9' title="bbox 396 1412 1490 1505; baseline 0.001 -24"><span class='ocrx_word' id='word_1_75' title='bbox 396 1412 477 1482; x_wconf 78' lang='grc' dir='ltr'><strong><em>ἄλλα</em></strong></span> <span class='ocrx_word' id='word_1_76' title='bbox 512 1418 671 1501; x_wconf 81' lang='grc' dir='ltr'><strong><em>μ”υστηρια</em></strong></span> <span class='ocrx_word' id='word_1_77' title='bbox 706 1422 761 1501; x_wconf 83' lang='grc' dir='ltr'><strong>τῆς</strong></span> <span class='ocrx_word' id='word_1_78' title='bbox 791 1421 926 1492; x_wconf 74' lang='grc' dir='ltr'><strong><em>πίστεως</em></strong></span> <span class='ocrx_word' id='word_1_79' title='bbox 955 1412 1023 1481; x_wconf 80' lang='grc' dir='ltr'><strong><em>εἶπε</em></strong></span> <span class='ocrx_word' id='word_1_80' title='bbox 1052 1417 1105 1481; x_wconf 80' lang='grc' dir='ltr'><strong><em>κατ’</em></strong></span> <span class='ocrx_word' id='word_1_81' title='bbox 1139 1419 1362 1503; x_wconf 75' lang='grc' dir='ltr'><strong><em>διεσαφήνισεν</em></strong></span> <span class='ocrx_word' id='word_1_82' title='bbox 1394 1418 1490 1505; x_wconf 71' lang='lat' dir='ltr'><strong>adegi.</strong></span> 
     </span>
     <span class='ocr_line' id='line_1_10' title="bbox 396 1499 1543 1601; baseline 0 -22"><span class='ocrx_word' id='word_1_83' title='bbox 396 1512 473 1583; x_wconf 75' lang='grc' dir='ltr'><strong><em>ὅθεν</em></strong></span> <span class='ocrx_word' id='word_1_84' title='bbox 494 1518 532 1581; x_wconf 84' lang='grc' dir='ltr'><strong>ου’</strong></span> <span class='ocrx_word' id='word_1_85' title='bbox 554 1516 649 1597; x_wconf 87' lang='grc' dir='ltr'><strong><em>μόνον</em></strong></span> <span class='ocrx_word' id='word_1_86' title='bbox 675 1499 849 1594; x_wconf 75' lang='grc' dir='ltr'><strong><em>ἀπεδέξατο</em></strong></span> <span class='ocrx_word' id='word_1_87' title='bbox 870 1521 1032 1597; x_wconf 72' lang='grc' dir='ltr'><strong><em>ου’λαβοῖς,</em></strong></span> <span class='ocrx_word' id='word_1_88' title='bbox 1054 1517 1122 1581; x_wconf 77' lang='grc' dir='ltr'><strong><em>ἀλλ’</em></strong></span> <span class='ocrx_word' id='word_1_89' title='bbox 1142 1517 1241 1581; x_wconf 81' lang='grc' dir='ltr'><strong><em>ἔκτοτε</em></strong></span> <span class='ocrx_word' id='word_1_90' title='bbox 1262 1515 1370 1601; x_wconf 81' lang='grc' dir='ltr'><strong><em>η’γάπα</em></strong></span> <span class='ocrx_word' id='word_1_91' title='bbox 1392 1517 1492 1581; x_wconf 80' lang='grc' dir='ltr'><strong><em>αάτόν</em></strong></span> <span class='ocrx_word' id='word_1_92' title='bbox 1542 1576 1543 1579; x_wconf 74' lang='grc'><strong><em>,</em></strong></span> 
     </span>
    </p>

    <p class='ocr_par' dir='ltr' id='par_1_4' title="bbox 369 1613 1617 1700">
     <span class='ocr_line' id='line_1_11' title="bbox 369 1613 1617 1700; baseline -0.001 -19"><span class='ocrx_word' id='word_1_93' title='bbox 369 1653 371 1657; x_wconf 92' lang='grc'><em>·</em></span> <span class='ocrx_word' id='word_1_94' title='bbox 396 1641 431 1681; x_wconf 86' lang='grc' dir='ltr'><strong>τε</strong></span> <span class='ocrx_word' id='word_1_95' title='bbox 455 1615 510 1682; x_wconf 86' lang='grc' dir='ltr'><strong>τόν</strong></span> <span class='ocrx_word' id='word_1_96' title='bbox 524 1615 726 1700; x_wconf 82' lang='grc' dir='ltr'><strong><em>πατριάρχην</em></strong></span> <span class='ocrx_word' id='word_1_97' title='bbox 747 1614 844 1680; x_wconf 86' lang='grc' dir='ltr'><strong><em>πολλά</em></strong></span> <span class='ocrx_word' id='word_1_98' title='bbox 867 1618 923 1680; x_wconf 76' lang='grc' dir='ltr'><strong><em>κατ’</em></strong></span> <span class='ocrx_word' id='word_1_99' title='bbox 934 1616 1107 1698; x_wconf 78' lang='grc' dir='ltr'><strong><em>σεβάσμιον</em></strong></span> <span class='ocrx_word' id='word_1_100' title='bbox 1123 1613 1201 1697; x_wconf 81' lang='grc' dir='ltr'><strong><em>εἶχε,</em></strong></span> <span class='ocrx_word' id='word_1_101' title='bbox 1221 1620 1277 1681; x_wconf 76' lang='grc' dir='ltr'><strong><em>κατ’</em></strong></span> <span class='ocrx_word' id='word_1_102' title='bbox 1294 1614 1412 1681; x_wconf 80' lang='grc' dir='ltr'><strong><em>ἔπαυσε</em></strong></span> <span class='ocrx_word' id='word_1_103' title='bbox 1436 1615 1491 1678; x_wconf 81' lang='grc' dir='ltr'><strong><em>κατ’</em></strong></span> <span class='ocrx_word' id='word_1_104' title='bbox 1502 1628 1535 1681; x_wconf 82' lang='lat' dir='ltr'><strong>to</strong></span> <span class='ocrx_word' id='word_1_105' title='bbox 1614 1652 1617 1659; x_wconf 96' lang='lat'>·</span> 
     </span>
    </p>

    <p class='ocr_par' dir='ltr' id='par_1_5' title="bbox 320 1709 1587 2300">
     <span class='ocr_line' id='line_1_12' title="bbox 320 1709 1492 1805; baseline -0.003 -24"><span class='ocrx_word' id='word_1_106' title='bbox 320 1709 323 1717; x_wconf 37' lang='lat'>⁸</span> <span class='ocrx_word' id='word_1_107' title='bbox 396 1720 452 1800; x_wconf 81' lang='grc' dir='ltr'><strong>τῆς</strong></span> <span class='ocrx_word' id='word_1_108' title='bbox 472 1720 584 1791; x_wconf 84' lang='grc' dir='ltr'><strong><em>κακιάς</em></strong></span> <span class='ocrx_word' id='word_1_109' title='bbox 606 1715 643 1797; x_wconf 79' lang='grc' dir='ltr'><strong>ἢν</strong></span> <span class='ocrx_word' id='word_1_110' title='bbox 662 1713 729 1797; x_wconf 74' lang='grc' dir='ltr'><strong><em>εἶχε</em></strong></span> <span class='ocrx_word' id='word_1_111' title='bbox 743 1709 828 1779; x_wconf 48' lang='grc' dir='ltr'><strong><em>’κατά</em></strong></span> <span class='ocrx_word' id='word_1_112' title='bbox 851 1719 911 1778; x_wconf 83' lang='grc' dir='ltr'><strong><em>τοῦ</em></strong></span> <span class='ocrx_word' id='word_1_113' title='bbox 929 1722 1040 1798; x_wconf 73' lang='grc' dir='ltr'><strong><em>μένους</em></strong></span> <span class='ocrx_word' id='word_1_114' title='bbox 1059 1719 1217 1800; x_wconf 75' lang='grc' dir='ltr'><strong><em>Γραικῶν,</em></strong></span> <span class='ocrx_word' id='word_1_115' title='bbox 1239 1720 1293 1780; x_wconf 81' lang='grc' dir='ltr'><strong><em>κατ’</em></strong></span> <span class='ocrx_word' id='word_1_116' title='bbox 1316 1714 1419 1799; x_wconf 75' lang='grc' dir='ltr'><strong><em>η’μάπα</em></strong></span> <span class='ocrx_word' id='word_1_117' title='bbox 1442 1714 1492 1805; x_wconf 80' lang='grc' dir='ltr'><strong><em>ε”κ</em></strong></span> 
     </span>
     <span class='ocr_line' id='line_1_13' title="bbox 395 1810 1493 1900; baseline -0.002 -21"><span class='ocrx_word' id='word_1_118' title='bbox 395 1837 475 1893; x_wconf 85' lang='grc' dir='ltr'><strong><em>τοτε,</em></strong></span> <span class='ocrx_word' id='word_1_119' title='bbox 495 1816 538 1887; x_wconf 78' lang='grc' dir='ltr'><strong><em>ὠς</em></strong></span> <span class='ocrx_word' id='word_1_120' title='bbox 562 1819 595 1875; x_wconf 73' lang='grc' dir='ltr'><strong>ἐν</strong></span> <span class='ocrx_word' id='word_1_121' title='bbox 617 1822 741 1891; x_wconf 81' lang='grc' dir='ltr'><strong><em>πολλοῖς</em></strong></span> <span class='ocrx_word' id='word_1_122' title='bbox 772 1813 885 1900; x_wconf 79' lang='grc' dir='ltr'><strong><em>ἐφάνη.</em></strong></span> <span class='ocrx_word' id='word_1_123' title='bbox 940 1814 1050 1897; x_wconf 81' lang='grc' dir='ltr'><strong><em>ἔχαιρε</em></strong></span> <span class='ocrx_word' id='word_1_124' title='bbox 1081 1818 1133 1895; x_wconf 75' lang='grc' dir='ltr'><strong>δέ,</strong></span> <span class='ocrx_word' id='word_1_125' title='bbox 1157 1810 1200 1891; x_wconf 74' lang='grc' dir='ltr'><strong><em>ὥς</em></strong></span> <span class='ocrx_word' id='word_1_126' title='bbox 1224 1810 1292 1880; x_wconf 76' lang='grc' dir='ltr'><strong><em>εἶπε</em></strong></span> <span class='ocrx_word' id='word_1_127' title='bbox 1313 1815 1391 1895; x_wconf 80' lang='grc' dir='ltr'><strong><em>πρὸς</em></strong></span> <span class='ocrx_word' id='word_1_128' title='bbox 1414 1821 1493 1895; x_wconf 82' lang='grc' dir='ltr'><strong><em>πολ-</em></strong></span> 
     </span>
     <span class='ocr_line' id='line_1_14' title="bbox 397 1902 1492 1998; baseline -0.001 -20"><span class='ocrx_word' id='word_1_129' title='bbox 397 1902 566 1994; x_wconf 61' lang='grc' dir='ltr'><strong><em>λοάςμεδ</em></strong></span> <span class='ocrx_word' id='word_1_130' title='bbox 588 1904 633 1978; x_wconf 69' lang='grc' dir='ltr'><strong>οἷν</strong></span> <span class='ocrx_word' id='word_1_131' title='bbox 654 1914 826 1994; x_wconf 83' lang='grc' dir='ltr'><strong><em>συνελάλει,</em></strong></span> <span class='ocrx_word' id='word_1_132' title='bbox 847 1910 895 1979; x_wconf 82' lang='grc' dir='ltr'><strong><em>δτι</em></strong></span> <span class='ocrx_word' id='word_1_133' title='bbox 908 1918 1084 1979; x_wconf 83' lang='grc' dir='ltr'><strong><em>σπουδαῖον</em></strong></span> <span class='ocrx_word' id='word_1_134' title='bbox 1099 1915 1153 1978; x_wconf 77' lang='grc' dir='ltr'><strong><em>καὶ</em></strong></span> <span class='ocrx_word' id='word_1_135' title='bbox 1171 1914 1274 1998; x_wconf 83' lang='grc' dir='ltr'><strong><em>σοφὸν</em></strong></span> <span class='ocrx_word' id='word_1_136' title='bbox 1294 1910 1492 1996; x_wconf 67' lang='grc' dir='ltr'><strong><em>πατριάρχην</em></strong></span> 
     </span>
     <span class='ocr_line' id='line_1_15' title="bbox 397 2009 1493 2102; baseline -0.002 -23"><span class='ocrx_word' id='word_1_137' title='bbox 397 2016 558 2102; x_wconf 77' lang='grc' dir='ltr'><strong><em>ἑποιήσρν,</em></strong></span> <span class='ocrx_word' id='word_1_138' title='bbox 579 2012 702 2093; x_wconf 73' lang='grc' dir='ltr'><strong><em>ἕτοιμον</em></strong></span> <span class='ocrx_word' id='word_1_139' title='bbox 726 2014 965 2095; x_wconf 73' lang='grc' dir='ltr'><strong><em>ἀποκρίνεσθαι.</em></strong></span> <span class='ocrx_word' id='word_1_140' title='bbox 1008 2009 1084 2077; x_wconf 79' lang='grc' dir='ltr'><strong><em>ὅθεν</em></strong></span> <span class='ocrx_word' id='word_1_141' title='bbox 1107 2012 1161 2077; x_wconf 76' lang='grc' dir='ltr'><strong><em>κατ’</em></strong></span> <span class='ocrx_word' id='word_1_142' title='bbox 1182 2011 1414 2093; x_wconf 71' lang='grc' dir='ltr'><strong><em>ἀποδεξάμενος</em></strong></span> <span class='ocrx_word' id='word_1_143' title='bbox 1435 2011 1493 2095; x_wconf 79' lang='grc' dir='ltr'><strong><em>την</em></strong></span> 
     </span>
     <span class='ocr_line' id='line_1_16' title="bbox 398 2108 1576 2199; baseline 0 -23"><span class='ocrx_word' id='word_1_144' title='bbox 398 2109 535 2190; x_wconf 84' lang='grc' dir='ltr'><strong><em>διάλεξιν</em></strong></span> <span class='ocrx_word' id='word_1_145' title='bbox 547 2114 601 2175; x_wconf 82' lang='grc' dir='ltr'><em>καί</em></span> <span class='ocrx_word' id='word_1_146' title='bbox 612 2108 824 2195; x_wconf 77' lang='grc' dir='ltr'><strong><em>τοάςλὸφοος,</em></strong></span> <span class='ocrx_word' id='word_1_147' title='bbox 846 2111 902 2188; x_wconf 77' lang='grc' dir='ltr'><strong>σάς</strong></span> <span class='ocrx_word' id='word_1_148' title='bbox 922 2110 1107 2195; x_wconf 74' lang='grc' dir='ltr'><strong><em>ἐποιήσαντο</em></strong></span> <span class='ocrx_word' id='word_1_149' title='bbox 1121 2116 1195 2199; x_wconf 73' lang='grc' dir='ltr'><strong><em>περὶ</em></strong></span> <span class='ocrx_word' id='word_1_150' title='bbox 1215 2112 1359 2193; x_wconf 78' lang='grc' dir='ltr'><strong><em>πίστεως,</em></strong></span> <span class='ocrx_word' id='word_1_151' title='bbox 1380 2111 1493 2198; x_wconf 73' lang='grc' dir='ltr'><strong><em>ἐφάνη,</em></strong></span> <span class='ocrx_word' id='word_1_152' title='bbox 1504 2132 1537 2185; x_wconf 87' lang='lat'><strong>15</strong></span> <span class='ocrx_word' id='word_1_153' title='bbox 1574 2188 1576 2191; x_wconf 22' lang='grc' dir='ltr'>Ι</span> 
     </span>
     <span class='ocr_line' id='line_1_17' title="bbox 398 2207 1587 2300; baseline 0.003 -25"><span class='ocrx_word' id='word_1_154' title='bbox 398 2207 449 2292; x_wconf 82' lang='grc' dir='ltr'><strong><em>δτι</em></strong></span> <span class='ocrx_word' id='word_1_155' title='bbox 470 2216 647 2279; x_wconf 85' lang='grc' dir='ltr'><strong><em>ἑνετειλατο</em></strong></span> <span class='ocrx_word' id='word_1_156' title='bbox 677 2215 765 2298; x_wconf 73' lang='grc' dir='ltr'><strong><em>αὕτη]</em></strong></span> <span class='ocrx_word' id='word_1_157' title='bbox 784 2213 836 2296; x_wconf 78' lang='grc' dir='ltr'><strong><em>ἵνα</em></strong></span> <span class='ocrx_word' id='word_1_158' title='bbox 864 2210 1035 2300; x_wconf 76' lang='grc' dir='ltr'><strong><em>σογμράψη</em></strong></span> <span class='ocrx_word' id='word_1_159' title='bbox 1069 2216 1175 2278; x_wconf 85' lang='grc' dir='ltr'><strong><em>πάσαν</em></strong></span> <span class='ocrx_word' id='word_1_160' title='bbox 1198 2211 1255 2297; x_wconf 81' lang='grc' dir='ltr'><strong><em>την</em></strong></span> <span class='ocrx_word' id='word_1_161' title='bbox 1274 2213 1412 2293; x_wconf 83' lang='grc' dir='ltr'><strong><em>διάλεξιν</em></strong></span> <span class='ocrx_word' id='word_1_162' title='bbox 1440 2217 1496 2279; x_wconf 81' lang='grc' dir='ltr'><strong><em>κατ’</em></strong></span> <span class='ocrx_word' id='word_1_163' title='bbox 1583 2227 1587 2236; x_wconf 92' lang='grc'><em>“</em></span> 
     </span>
    </p>

    <p class='ocr_par' dir='ltr' id='par_1_6' title="bbox 371 2310 1542 2710">
     <span class='ocr_line' id='line_1_18' title="bbox 371 2310 1492 2401; baseline 0 -26"><span class='ocrx_word' id='word_1_164' title='bbox 371 2310 432 2383; x_wconf 63' lang='grc' dir='ltr'><strong>,ἐν</strong></span> <span class='ocrx_word' id='word_1_165' title='bbox 453 2316 636 2396; x_wconf 82' lang='grc' dir='ltr'><strong><em>κεφαλαίοις</em></strong></span> <span class='ocrx_word' id='word_1_166' title='bbox 656 2312 862 2399; x_wconf 74' lang='grc' dir='ltr'><strong><em>καταστράση</em></strong></span> <span class='ocrx_word' id='word_1_167' title='bbox 882 2317 937 2375; x_wconf 84' lang='grc' dir='ltr'><strong><em>καί</em></strong></span> <span class='ocrx_word' id='word_1_168' title='bbox 956 2314 1050 2377; x_wconf 78' lang='grc' dir='ltr'><strong><em>δώσει</em></strong></span> <span class='ocrx_word' id='word_1_169' title='bbox 1070 2314 1166 2401; x_wconf 67' lang='grc' dir='ltr'><strong><em>αὐτῷ,</em></strong></span> <span class='ocrx_word' id='word_1_170' title='bbox 1189 2310 1208 2376; x_wconf 85' lang='lat' dir='ltr'><strong>ii</strong></span> <span class='ocrx_word' id='word_1_171' title='bbox 1220 2312 1275 2377; x_wconf 81' lang='grc' dir='ltr'><strong><em>καί</em></strong></span> <span class='ocrx_word' id='word_1_172' title='bbox 1294 2315 1423 2395; x_wconf 76' lang='grc' dir='ltr'><strong><em>ἐγένετο,</em></strong></span> <span class='ocrx_word' id='word_1_173' title='bbox 1448 2312 1492 2387; x_wconf 74' lang='grc' dir='ltr'><strong><em>ὥς</em></strong></span> 
     </span>
     <span class='ocr_line' id='line_1_19' title="bbox 398 2410 1494 2497; baseline 0.001 -22"><span class='ocrx_word' id='word_1_174' title='bbox 398 2416 546 2497; x_wconf 76' lang='grc' dir='ltr'><strong><em>φαίνεται</em></strong></span> <span class='ocrx_word' id='word_1_175' title='bbox 581 2410 615 2477; x_wconf 84' lang='grc' dir='ltr'><strong>τά</strong></span> <span class='ocrx_word' id='word_1_176' title='bbox 646 2411 861 2495; x_wconf 65' lang='grc' dir='ltr'><strong><em>σύγγραμμα,</em></strong></span> <span class='ocrx_word' id='word_1_177' title='bbox 888 2413 956 2476; x_wconf 80' lang='grc' dir='ltr'><strong>’καί</strong></span> <span class='ocrx_word' id='word_1_178' title='bbox 990 2415 1242 2497; x_wconf 76' lang='grc' dir='ltr'><strong><em>μετερλωττίσθη</em></strong></span> <span class='ocrx_word' id='word_1_179' title='bbox 1282 2411 1338 2477; x_wconf 78' lang='grc' dir='ltr'><strong><em>κατ’</em></strong></span> <span class='ocrx_word' id='word_1_180' title='bbox 1366 2414 1411 2487; x_wconf 84' lang='grc' dir='ltr'><strong>εἰς</strong></span> <span class='ocrx_word' id='word_1_181' title='bbox 1427 2410 1494 2494; x_wconf 72' lang='grc' dir='ltr'><strong><em>,την</em></strong></span> 
     </span>
     <span class='ocr_line' id='line_1_20' title="bbox 402 2508 1492 2597; baseline 0 -22"><span class='ocrx_word' id='word_1_182' title='bbox 402 2512 775 2595; x_wconf 77' lang='grc' dir='ltr'><strong><em>Τοοραοαραβόγλωσσαν</em></strong></span> <span class='ocrx_word' id='word_1_183' title='bbox 795 2512 855 2575; x_wconf 73' lang='grc' dir='ltr'><strong>ὑπὸ</strong></span> <span class='ocrx_word' id='word_1_184' title='bbox 876 2512 1041 2595; x_wconf 83' lang='grc' dir='ltr'><strong><em>Ἀχονμάτ</em></strong></span> <span class='ocrx_word' id='word_1_185' title='bbox 1053 2511 1140 2597; x_wconf 51' lang='lat' dir='ltr'><strong>,saal</strong></span> <span class='ocrx_word' id='word_1_186' title='bbox 1157 2515 1305 2595; x_wconf 82' lang='grc' dir='ltr'><strong><em>Βεροίας.</em></strong></span> <span class='ocrx_word' id='word_1_187' title='bbox 1326 2508 1492 2594; x_wconf 59' lang='lat' dir='ltr'><strong>catastas,</strong></span> 
     </span>
     <span class='ocr_line' id='line_1_21' title="bbox 397 2609 1542 2710; baseline 0.009 -36"><span class='ocrx_word' id='word_1_188' title='bbox 397 2612 485 2701; x_wconf 73' lang='grc' dir='ltr'><strong><em>αδτρῖ</em></strong></span> <span class='ocrx_word' id='word_1_189' title='bbox 506 2616 550 2700; x_wconf 76' lang='grc' dir='ltr'><strong><em>τῷ</em></strong></span> <span class='ocrx_word' id='word_1_190' title='bbox 570 2612 740 2700; x_wconf 82' lang='grc' dir='ltr'><strong><em>σοσλτάνφ,</em></strong></span> <span class='ocrx_word' id='word_1_191' title='bbox 764 2611 819 2677; x_wconf 76' lang='grc' dir='ltr'><strong><em>κατ’</em></strong></span> <span class='ocrx_word' id='word_1_192' title='bbox 843 2614 969 2710; x_wconf 80' lang='grc' dir='ltr'><strong><em>α’νὲγνω</em></strong></span> <span class='ocrx_word' id='word_1_193' title='bbox 990 2609 1074 2678; x_wconf 77' lang='lat' dir='ltr'><strong>duaa</strong></span> <span class='ocrx_word' id='word_1_194' title='bbox 1106 2616 1161 2679; x_wconf 78' lang='grc' dir='ltr'><strong><em>κατ’</em></strong></span> <span class='ocrx_word' id='word_1_195' title='bbox 1183 2612 1278 2696; x_wconf 78' lang='grc' dir='ltr'><strong><em>ἔγνω,</em></strong></span> <span class='ocrx_word' id='word_1_196' title='bbox 1311 2616 1373 2680; x_wconf 83' lang='grc' dir='ltr'><strong>καί·</strong></span> <span class='ocrx_word' id='word_1_197' title='bbox 1393 2614 1542 2695; x_wconf 65' lang='lat' dir='ltr'><strong>cepo-ao</strong></span> 
     </span>
    </p>
   </div>
   <div class='ocr_carea' id='block_1_3' title="bbox 356 2705 1577 2902">
    <p class='ocr_par' dir='ltr' id='par_1_7' title="bbox 356 2705 1577 2902">
     <span class='ocr_line' id='line_1_22' title="bbox 356 2705 1493 2807; baseline -0.005 -25"><span class='ocrx_word' id='word_1_198' title='bbox 356 2734 388 2788; x_wconf 84' lang='lat'><strong>17</strong></span> <span class='ocrx_word' id='word_1_199' title='bbox 398 2714 513 2792; x_wconf 70' lang='grc' dir='ltr'><strong><em>σμῖῡυς</em></strong></span> <span class='ocrx_word' id='word_1_200' title='bbox 533 2705 600 2794; x_wconf 80' lang='grc' dir='ltr'><strong><em>εἶχε</em></strong></span> <span class='ocrx_word' id='word_1_201' title='bbox 624 2711 699 2787; x_wconf 79' lang='grc' dir='ltr'><strong><em>τούς</em></strong></span> <span class='ocrx_word' id='word_1_202' title='bbox 720 2711 833 2807; x_wconf 75' lang='grc' dir='ltr'><strong><em>λόγους</em></strong></span> <span class='ocrx_word' id='word_1_203' title='bbox 852 2720 907 2779; x_wconf 86' lang='grc' dir='ltr'><strong><em>κατ’</em></strong></span> <span class='ocrx_word' id='word_1_204' title='bbox 928 2714 1121 2796; x_wconf 74' lang='grc' dir='ltr'><strong><em>ἐθαύμαζεν.</em></strong></span> <span class='ocrx_word' id='word_1_205' title='bbox 1169 2710 1246 2779; x_wconf 75' lang='grc' dir='ltr'><strong><em>ὅθεν</em></strong></span> <span class='ocrx_word' id='word_1_206' title='bbox 1268 2711 1416 2787; x_wconf 78' lang='grc' dir='ltr'><strong><em>πολλάκις</em></strong></span> <span class='ocrx_word' id='word_1_207' title='bbox 1437 2715 1493 2802; x_wconf 81' lang='grc' dir='ltr'><strong><em>κατ’</em></strong></span> 
     </span>
     <span class='ocr_line' id='line_1_23' title="bbox 397 2811 1577 2902; baseline 0.003 -28"><span class='ocrx_word' id='word_1_208' title='bbox 397 2816 628 2892; x_wconf 79' lang='grc' dir='ltr'><strong><em>μετεκαλέσατο</em></strong></span> <span class='ocrx_word' id='word_1_209' title='bbox 657 2815 762 2876; x_wconf 80' lang='grc' dir='ltr'><strong><em>αδτὸν</em></strong></span> <span class='ocrx_word' id='word_1_210' title='bbox 788 2814 844 2878; x_wconf 82' lang='grc' dir='ltr'><strong><em>τὸν</em></strong></span> <span class='ocrx_word' id='word_1_211' title='bbox 863 2814 1081 2899; x_wconf 82' lang='grc' dir='ltr'><strong><em>πατριάρχην,</em></strong></span> <span class='ocrx_word' id='word_1_212' title='bbox 1112 2819 1167 2878; x_wconf 81' lang='grc' dir='ltr'><strong><em>κατ’</em></strong></span> <span class='ocrx_word' id='word_1_213' title='bbox 1195 2811 1377 2897; x_wconf 75' lang='grc' dir='ltr'><strong><em>ἐδωρήσατο</em></strong></span> <span class='ocrx_word' id='word_1_214' title='bbox 1405 2813 1496 2902; x_wconf 72' lang='grc' dir='ltr'><strong><em>αὐτῷ</em></strong></span> <span class='ocrx_word' id='word_1_215' title='bbox 1567 2811 1577 2868; x_wconf 59' lang='lat' dir='ltr'><em>ss</em></span> 
     </span>
    </p>
   </div>
   <div class='ocr_carea' id='block_1_4' title="bbox 361 3043 1578 4534">
    <p class='ocr_par' dir='ltr' id='par_1_8' title="bbox 361 3043 1578 4534">
     <span class='ocr_line' id='line_1_24' title="bbox 399 3043 1507 3120; baseline 0.008 -25"><span class='ocrx_word' id='word_1_216' title='bbox 399 3051 472 3097; x_wconf 91' lang='lat' dir='ltr'><strong>metu</strong></span> <span class='ocrx_word' id='word_1_217' title='bbox 494 3043 600 3095; x_wconf 90' lang='lat' dir='ltr'><strong>dicendi</strong></span> <span class='ocrx_word' id='word_1_218' title='bbox 619 3063 649 3097; x_wconf 87' lang='lat' dir='ltr'><strong>ac</strong></span> <span class='ocrx_word' id='word_1_219' title='bbox 668 3046 818 3098; x_wconf 89' lang='lat' dir='ltr'><strong>disserendi</strong></span> <span class='ocrx_word' id='word_1_220' title='bbox 837 3061 971 3099; x_wconf 85' lang='lat' dir='ltr'><strong>concessa.</strong></span> <span class='ocrx_word' id='word_1_221' title='bbox 1009 3046 1082 3098; x_wconf 87' lang='lat' dir='ltr'><strong>unde</strong></span> <span class='ocrx_word' id='word_1_222' title='bbox 1109 3047 1153 3098; x_wconf 86' lang='lat' dir='ltr'><strong>hic</strong></span> <span class='ocrx_word' id='word_1_223' title='bbox 1171 3048 1268 3120; x_wconf 81' lang='lat' dir='ltr'><strong>fiducia</strong></span> <span class='ocrx_word' id='word_1_224' title='bbox 1287 3057 1393 3120; x_wconf 83' lang='lat' dir='ltr'><strong>sumpta</strong></span> <span class='ocrx_word' id='word_1_225' title='bbox 1415 3049 1507 3119; x_wconf 54' lang='lat' dir='ltr'><strong>inge?</strong></span> 
     </span>
     <span class='ocr_line' id='line_1_25' title="bbox 399 3115 1504 3186; baseline 0.009 -22"><span class='ocrx_word' id='word_1_226' title='bbox 399 3132 454 3167; x_wconf 87' lang='lat' dir='ltr'><strong>noe</strong></span> <span class='ocrx_word' id='word_1_227' title='bbox 469 3131 557 3166; x_wconf 84' lang='lat' dir='ltr'><strong>coram</strong></span> <span class='ocrx_word' id='word_1_228' title='bbox 575 3115 715 3169; x_wconf 89' lang='lat' dir='ltr'><strong>maiestate</strong></span> <span class='ocrx_word' id='word_1_229' title='bbox 739 3117 816 3168; x_wconf 89' lang='lat' dir='ltr'><strong>illius</strong></span> <span class='ocrx_word' id='word_1_230' title='bbox 835 3119 930 3186; x_wconf 91' lang='lat' dir='ltr'><strong>longos</strong></span> <span class='ocrx_word' id='word_1_231' title='bbox 949 3135 1083 3170; x_wconf 88' lang='lat' dir='ltr'><strong>sermones</strong></span> <span class='ocrx_word' id='word_1_232' title='bbox 1102 3117 1220 3184; x_wconf 86' lang='lat' dir='ltr'><strong>habuit,</strong></span> <span class='ocrx_word' id='word_1_233' title='bbox 1240 3120 1304 3172; x_wconf 86' lang='lat' dir='ltr'><strong>fidei</strong></span> <span class='ocrx_word' id='word_1_234' title='bbox 1322 3117 1504 3182; x_wconf 78' lang='lat' dir='ltr'><strong>Christianae¹</strong></span> 
     </span>
     <span class='ocr_line' id='line_1_26' title="bbox 399 3185 1491 3260; baseline 0.006 -23"><span class='ocrx_word' id='word_1_235' title='bbox 399 3185 657 3237; x_wconf 75' lang='lat' dir='ltr'><strong>demonstrationem</strong></span> <span class='ocrx_word' id='word_1_236' title='bbox 677 3187 994 3260; x_wconf 81' lang='lat' dir='ltr'><strong>commendationemque</strong></span> <span class='ocrx_word' id='word_1_237' title='bbox 1011 3190 1190 3241; x_wconf 83' lang='lat' dir='ltr'><strong>continentes.</strong></span> <span class='ocrx_word' id='word_1_238' title='bbox 1227 3195 1383 3258; x_wconf 81' lang='lat' dir='ltr'><strong>mysterium</strong></span> <span class='ocrx_word' id='word_1_239' title='bbox 1395 3195 1421 3245; x_wconf 87' lang='lat' dir='ltr'><strong>S.</strong></span> <span class='ocrx_word' id='word_1_240' title='bbox 1435 3195 1491 3245; x_wconf 72' lang='lat' dir='ltr'><strong>&#39;tri-</strong></span> 
     </span>
     <span class='ocr_line' id='line_1_27' title="bbox 399 3257 1505 3332; baseline 0.007 -24"><span class='ocrx_word' id='word_1_241' title='bbox 399 3257 493 3308; x_wconf 79' lang='lat' dir='ltr'><strong>nitatis</strong></span> <span class='ocrx_word' id='word_1_242' title='bbox 515 3258 639 3326; x_wconf 78' lang='lat' dir='ltr'><strong>protulit,</strong></span> <span class='ocrx_word' id='word_1_243' title='bbox 657 3265 774 3309; x_wconf 86' lang='lat' dir='ltr'><strong>tractans</strong></span> <span class='ocrx_word' id='word_1_244' title='bbox 789 3276 838 3328; x_wconf 90' lang='lat' dir='ltr'><strong>pro</strong></span> <span class='ocrx_word' id='word_1_245' title='bbox 855 3259 996 3326; x_wconf 76' lang='lat' dir='ltr'><strong>dignitate.</strong></span> <span class='ocrx_word' id='word_1_246' title='bbox 1034 3269 1061 3312; x_wconf 89' lang='lat' dir='ltr'><strong>et</strong></span> <span class='ocrx_word' id='word_1_247' title='bbox 1078 3261 1169 3328; x_wconf 88' lang='lat' dir='ltr'><strong>logum</strong></span> <span class='ocrx_word' id='word_1_248' title='bbox 1189 3260 1243 3326; x_wconf 90' lang='lat' dir='ltr'><strong>dei,</strong></span> <span class='ocrx_word' id='word_1_249' title='bbox 1262 3265 1309 3332; x_wconf 89' lang='lat' dir='ltr'><strong>qui</strong></span> <span class='ocrx_word' id='word_1_250' title='bbox 1332 3279 1385 3315; x_wconf 77' lang='lat' dir='ltr'><strong>arna</strong></span> <span class='ocrx_word' id='word_1_251' title='bbox 1403 3265 1505 3316; x_wconf 50' lang='lat' dir='ltr'><strong>triu&#39;a&#39;e¹</strong></span> 
     </span>
     <span class='ocr_line' id='line_1_28' title="bbox 404 3326 1491 3404; baseline 0.007 -26"><span class='ocrx_word' id='word_1_252' title='bbox 404 3326 512 3379; x_wconf 76' lang='lat' dir='ltr'><strong>deitatis</strong></span> <span class='ocrx_word' id='word_1_253' title='bbox 531 3345 645 3397; x_wconf 90' lang='lat' dir='ltr'><strong>persona</strong></span> <span class='ocrx_word' id='word_1_254' title='bbox 660 3331 705 3391; x_wconf 90' lang='lat' dir='ltr'><strong>sit,</strong></span> <span class='ocrx_word' id='word_1_255' title='bbox 723 3330 773 3379; x_wconf 82' lang='lat' dir='ltr'><strong>viri</strong></span> <span class='ocrx_word' id='word_1_256' title='bbox 793 3330 837 3381; x_wconf 91' lang='lat' dir='ltr'><strong>dei</strong></span> <span class='ocrx_word' id='word_1_257' title='bbox 850 3330 932 3394; x_wconf 88' lang='lat' dir='ltr'><strong>filius,</strong></span> <span class='ocrx_word' id='word_1_258' title='bbox 951 3347 1009 3381; x_wconf 86' lang='lat' dir='ltr'><strong>esse</strong></span> <span class='ocrx_word' id='word_1_259' title='bbox 1026 3332 1102 3382; x_wconf 88' lang='lat' dir='ltr'><strong>illum</strong></span> <span class='ocrx_word' id='word_1_260' title='bbox 1122 3335 1168 3403; x_wconf 91' lang='lat' dir='ltr'><strong>qui</strong></span> <span class='ocrx_word' id='word_1_261' title='bbox 1189 3349 1293 3385; x_wconf 89' lang='lat' dir='ltr'><strong>carnem</strong></span> <span class='ocrx_word' id='word_1_262' title='bbox 1312 3351 1327 3384; x_wconf 88' lang='lat' dir='ltr'><strong>e</strong></span> <span class='ocrx_word' id='word_1_263' title='bbox 1349 3336 1491 3404; x_wconf 86' lang='lat' dir='ltr'><strong>purissima</strong></span> 
     </span>
     <span class='ocr_line' id='line_1_29' title="bbox 400 3401 1490 3476; baseline 0.006 -26"><span class='ocrx_word' id='word_1_264' title='bbox 400 3406 429 3450; x_wconf 86' lang='lat' dir='ltr'><strong>et</strong></span> <span class='ocrx_word' id='word_1_265' title='bbox 447 3401 660 3467; x_wconf 62' lang='lat' dir='ltr'><strong>sancta‘rirgine</strong></span> <span class='ocrx_word' id='word_1_266' title='bbox 680 3408 792 3469; x_wconf 89' lang='lat' dir='ltr'><strong>propter</strong></span> <span class='ocrx_word' id='word_1_267' title='bbox 812 3418 860 3452; x_wconf 88' lang='lat' dir='ltr'><strong>nos</strong></span> <span class='ocrx_word' id='word_1_268' title='bbox 880 3409 908 3452; x_wconf 89' lang='lat' dir='ltr'><strong>ct</strong></span> <span class='ocrx_word' id='word_1_269' title='bbox 925 3401 1039 3453; x_wconf 87' lang='lat' dir='ltr'><strong>salutem</strong></span> <span class='ocrx_word' id='word_1_270' title='bbox 1052 3411 1179 3468; x_wconf 88' lang='lat' dir='ltr'><strong>nostram,</strong></span> <span class='ocrx_word' id='word_1_271' title='bbox 1200 3407 1383 3475; x_wconf 87' lang='lat' dir='ltr'><strong>assumpserit.</strong></span> <span class='ocrx_word' id='word_1_272' title='bbox 1402 3407 1490 3476; x_wconf 89' lang='lat' dir='ltr'><strong>ipsum</strong></span> 
     </span>
     <span class='ocr_line' id='line_1_30' title="bbox 399 3473 1578 3546; baseline 0.003 -25"><span class='ocrx_word' id='word_1_273' title='bbox 399 3479 615 3523; x_wconf 71' lang='lat' dir='ltr'><strong>mortuummare</strong></span> <span class='ocrx_word' id='word_1_274' title='bbox 635 3479 664 3524; x_wconf 89' lang='lat' dir='ltr'><strong>et</strong></span> <span class='ocrx_word' id='word_1_275' title='bbox 683 3473 865 3523; x_wconf 70' lang='lat' dir='ltr'><strong>resurrexisse.</strong></span> <span class='ocrx_word' id='word_1_276' title='bbox 902 3473 992 3542; x_wconf 90' lang='lat' dir='ltr'><strong>ipsum</strong></span> <span class='ocrx_word' id='word_1_277' title='bbox 1010 3488 1069 3524; x_wconf 88' lang='lat' dir='ltr'><strong>esse</strong></span> <span class='ocrx_word' id='word_1_278' title='bbox 1090 3474 1167 3524; x_wconf 90' lang='lat' dir='ltr'><strong>illum</strong></span> <span class='ocrx_word' id='word_1_279' title='bbox 1186 3478 1372 3546; x_wconf 87' lang='lat' dir='ltr'><strong>quiveuturus</strong></span> <span class='ocrx_word' id='word_1_280' title='bbox 1391 3479 1427 3529; x_wconf 88' lang='lat' dir='ltr'><strong>sit</strong></span> <span class='ocrx_word' id='word_1_281' title='bbox 1446 3478 1489 3528; x_wconf 88' lang='lat' dir='ltr'><strong>iu.</strong></span> <span class='ocrx_word' id='word_1_282' title='bbox 1576 3497 1578 3504; x_wconf 94' lang='lat'>·</span> 
     </span>
     <span class='ocr_line' id='line_1_31' title="bbox 361 3541 1491 3613; baseline 0.008 -21"><span class='ocrx_word' id='word_1_283' title='bbox 361 3569 364 3572; x_wconf 90' lang='lat'><strong>·</strong></span> <span class='ocrx_word' id='word_1_284' title='bbox 399 3541 516 3594; x_wconf 88' lang='lat' dir='ltr'><strong>dicatum</strong></span> <span class='ocrx_word' id='word_1_285' title='bbox 539 3543 612 3594; x_wconf 82' lang='lat' dir='ltr'><strong>vivos</strong></span> <span class='ocrx_word' id='word_1_286' title='bbox 632 3551 661 3594; x_wconf 88' lang='lat' dir='ltr'><strong>et</strong></span> <span class='ocrx_word' id='word_1_287' title='bbox 676 3551 807 3598; x_wconf 88' lang='lat' dir='ltr'><strong>mortuos.</strong></span> <span class='ocrx_word' id='word_1_288' title='bbox 843 3543 895 3594; x_wconf 84' lang='lat' dir='ltr'><strong>alia</strong></span> <span class='ocrx_word' id='word_1_289' title='bbox 913 3545 1024 3613; x_wconf 89' lang='lat' dir='ltr'><strong>insuper</strong></span> <span class='ocrx_word' id='word_1_290' title='bbox 1042 3543 1105 3595; x_wconf 84' lang='lat' dir='ltr'><strong>fidei</strong></span> <span class='ocrx_word' id='word_1_291' title='bbox 1124 3547 1249 3613; x_wconf 83' lang='lat' dir='ltr'><strong>mysteria</strong></span> <span class='ocrx_word' id='word_1_292' title='bbox 1272 3549 1491 3608; x_wconf 84' lang='lat' dir='ltr'><strong>commemorarit</strong></span> 
     </span>
     <span class='ocr_line' id='line_1_32' title="bbox 401 3614 1570 3684; baseline 0.006 -20"><span class='ocrx_word' id='word_1_293' title='bbox 401 3614 480 3682; x_wconf 85' lang='lat' dir='ltr'><strong>eique</strong></span> <span class='ocrx_word' id='word_1_294' title='bbox 501 3615 615 3682; x_wconf 86' lang='lat' dir='ltr'><strong>aperuit.</strong></span> <span class='ocrx_word' id='word_1_295' title='bbox 652 3630 733 3684; x_wconf 90' lang='lat' dir='ltr'><strong>quam</strong></span> <span class='ocrx_word' id='word_1_296' title='bbox 760 3614 927 3684; x_wconf 78' lang='lat' dir='ltr'><strong>patriarchae</strong></span> <span class='ocrx_word' id='word_1_297' title='bbox 955 3616 1106 3667; x_wconf 87' lang='lat' dir='ltr'><strong>orationem</strong></span> <span class='ocrx_word' id='word_1_298' title='bbox 1126 3634 1181 3668; x_wconf 89' lang='lat' dir='ltr'><strong>non</strong></span> <span class='ocrx_word' id='word_1_299' title='bbox 1205 3626 1310 3671; x_wconf 90' lang='lat' dir='ltr'><strong>tantum</strong></span> <span class='ocrx_word' id='word_1_300' title='bbox 1337 3628 1492 3671; x_wconf 84' lang='lat' dir='ltr'><strong>reverenter</strong></span> <span class='ocrx_word' id='word_1_301' title='bbox 1569 3623 1570 3626; x_wconf 73' lang='grc'>’</span> 
     </span>
     <span class='ocr_line' id='line_1_33' title="bbox 401 3685 1491 3757; baseline 0.008 -23"><span class='ocrx_word' id='word_1_302' title='bbox 401 3701 448 3734; x_wconf 84' lang='lat' dir='ltr'><strong>rex</strong></span> <span class='ocrx_word' id='word_1_303' title='bbox 465 3685 635 3747; x_wconf 77' lang='lat' dir='ltr'><strong>auscultavit,</strong></span> <span class='ocrx_word' id='word_1_304' title='bbox 652 3685 700 3737; x_wconf 90' lang='lat' dir='ltr'><strong>sed</strong></span> <span class='ocrx_word' id='word_1_305' title='bbox 720 3685 754 3736; x_wconf 87' lang='lat' dir='ltr'><strong>ab</strong></span> <span class='ocrx_word' id='word_1_306' title='bbox 773 3702 805 3736; x_wconf 92' lang='lat' dir='ltr'><strong>eo</strong></span> <span class='ocrx_word' id='word_1_307' title='bbox 825 3686 904 3737; x_wconf 86' lang='lat' dir='ltr'><strong>etlam</strong></span> <span class='ocrx_word' id='word_1_308' title='bbox 923 3693 1045 3757; x_wconf 85' lang='lat' dir='ltr'><strong>tempore</strong></span> <span class='ocrx_word' id='word_1_309' title='bbox 1072 3689 1156 3756; x_wconf 86' lang='lat' dir='ltr'><strong>magis</strong></span> <span class='ocrx_word' id='word_1_310' title='bbox 1174 3689 1260 3757; x_wconf 87' lang='lat' dir='ltr'><strong>ipsum</strong></span> <span class='ocrx_word' id='word_1_311' title='bbox 1279 3690 1378 3742; x_wconf 79' lang='lat' dir='ltr'><strong>dilexit</strong></span> <span class='ocrx_word' id='word_1_312' title='bbox 1395 3699 1423 3742; x_wconf 85' lang='lat' dir='ltr'><strong>et</strong></span> <span class='ocrx_word' id='word_1_313' title='bbox 1441 3708 1491 3741; x_wconf 84' lang='lat' dir='ltr'><strong>vs·</strong></span> 
     </span>
     <span class='ocr_line' id='line_1_34' title="bbox 400 3744 1490 3831; baseline 0.008 -28"><span class='ocrx_word' id='word_1_314' title='bbox 400 3744 541 3807; x_wconf 78' lang='lat' dir='ltr'><strong>neiatione</strong></span> <span class='ocrx_word' id='word_1_315' title='bbox 570 3756 681 3823; x_wconf 88' lang='lat' dir='ltr'><strong>dignum</strong></span> <span class='ocrx_word' id='word_1_316' title='bbox 701 3757 872 3807; x_wconf 75' lang='lat' dir='ltr'><strong>existimavit.</strong></span> <span class='ocrx_word' id='word_1_317' title='bbox 914 3755 1020 3808; x_wconf 85' lang='lat' dir='ltr'><strong>destitit</strong></span> <span class='ocrx_word' id='word_1_318' title='bbox 1047 3753 1155 3829; x_wconf 69' lang='lat' dir='ltr'><strong>quo&#39;que</strong></span> <span class='ocrx_word' id='word_1_319' title='bbox 1176 3777 1191 3810; x_wconf 90' lang='lat' dir='ltr'><strong>a</strong></span> <span class='ocrx_word' id='word_1_320' title='bbox 1213 3762 1390 3831; x_wconf 80' lang='lat' dir='ltr'><strong>malignitate,</strong></span> <span class='ocrx_word' id='word_1_321' title='bbox 1408 3778 1490 3831; x_wconf 87' lang='lat' dir='ltr'><strong>quam</strong></span> 
     </span>
     <span class='ocr_line' id='line_1_35' title="bbox 402 3823 1490 3900; baseline 0.012 -27"><span class='ocrx_word' id='word_1_322' title='bbox 402 3823 528 3876; x_wconf 83' lang='lat' dir='ltr'><strong>adversus</strong></span> <span class='ocrx_word' id='word_1_323' title='bbox 549 3827 665 3879; x_wconf 83' lang='lat' dir='ltr'><strong>Graecos</strong></span> <span class='ocrx_word' id='word_1_324' title='bbox 693 3827 821 3896; x_wconf 74' lang='lat' dir='ltr'><strong>gerebat,</strong></span> <span class='ocrx_word' id='word_1_325' title='bbox 848 3835 876 3880; x_wconf 88' lang='lat' dir='ltr'><strong>et</strong></span> <span class='ocrx_word' id='word_1_326' title='bbox 899 3828 996 3879; x_wconf 84' lang='lat' dir='ltr'><strong>exinde</strong></span> <span class='ocrx_word' id='word_1_327' title='bbox 1021 3833 1196 3899; x_wconf 86' lang='lat' dir='ltr'><strong>propensiore</strong></span> <span class='ocrx_word' id='word_1_328' title='bbox 1221 3849 1282 3900; x_wconf 87' lang='lat' dir='ltr'><strong>erga</strong></span> <span class='ocrx_word' id='word_1_329' title='bbox 1302 3833 1375 3900; x_wconf 84' lang='lat' dir='ltr'><strong>ipsos</strong></span> <span class='ocrx_word' id='word_1_330' title='bbox 1401 3835 1490 3886; x_wconf 87' lang='lat' dir='ltr'><strong>animo</strong></span> 
     </span>
     <span class='ocr_line' id='line_1_36' title="bbox 403 3896 1530 3971; baseline 0.011 -28"><span class='ocrx_word' id='word_1_331' title='bbox 403 3896 508 3957; x_wconf 83' lang='lat' dir='ltr'><strong>extitit,</strong></span> <span class='ocrx_word' id='word_1_332' title='bbox 532 3898 602 3950; x_wconf 91' lang='lat' dir='ltr'><strong>sicut</strong></span> <span class='ocrx_word' id='word_1_333' title='bbox 632 3916 666 3950; x_wconf 82' lang='lat' dir='ltr'><strong>ex</strong></span> <span class='ocrx_word' id='word_1_334' title='bbox 690 3901 784 3951; x_wconf 90' lang='lat' dir='ltr'><strong>multis</strong></span> <span class='ocrx_word' id='word_1_335' title='bbox 807 3899 888 3966; x_wconf 87' lang='lat' dir='ltr'><strong>signis</strong></span> <span class='ocrx_word' id='word_1_336' title='bbox 913 3901 1047 3970; x_wconf 89' lang='lat' dir='ltr'><strong>apparuit.</strong></span> <span class='ocrx_word' id='word_1_337' title='bbox 1094 3902 1229 3971; x_wconf 81' lang='lat' dir='ltr'><strong>gaudebat</strong></span> <span class='ocrx_word' id='word_1_338' title='bbox 1246 3911 1345 3964; x_wconf 87' lang='lat' dir='ltr'><strong>autem,</strong></span> <span class='ocrx_word' id='word_1_339' title='bbox 1367 3901 1439 3954; x_wconf 87' lang='lat' dir='ltr'><strong>sicut</strong></span> <span class='ocrx_word' id='word_1_340' title='bbox 1457 3919 1499 3955; x_wconf 64' lang='lat' dir='ltr'><strong>ex,</strong></span> <span class='ocrx_word' id='word_1_341' title='bbox 1528 3965 1530 3970; x_wconf 68' lang='lat'>,</span> 
     </span>
     <span class='ocr_line' id='line_1_37' title="bbox 404 3963 1489 4042; baseline 0.011 -29"><span class='ocrx_word' id='word_1_342' title='bbox 404 3963 493 4015; x_wconf 82' lang='lat' dir='ltr'><strong>verbis</strong></span> <span class='ocrx_word' id='word_1_343' title='bbox 511 3967 568 4017; x_wconf 88' lang='lat' dir='ltr'><strong>eius</strong></span> <span class='ocrx_word' id='word_1_344' title='bbox 586 3968 621 4018; x_wconf 87' lang='lat' dir='ltr'><strong>ad</strong></span> <span class='ocrx_word' id='word_1_345' title='bbox 644 3973 743 4022; x_wconf 88' lang='lat' dir='ltr'><strong>multos</strong></span> <span class='ocrx_word' id='word_1_346' title='bbox 765 3972 793 4020; x_wconf 90' lang='lat' dir='ltr'><strong>in</strong></span> <span class='ocrx_word' id='word_1_347' title='bbox 814 3971 947 4021; x_wconf 85' lang='lat' dir='ltr'><strong>familiari·</strong></span> <span class='ocrx_word' id='word_1_348' title='bbox 968 3972 1104 4041; x_wconf 90' lang='lat' dir='ltr'><strong>colloquio</strong></span> <span class='ocrx_word' id='word_1_349' title='bbox 1124 3975 1260 4042; x_wconf 87' lang='lat' dir='ltr'><strong>cognitum</strong></span> <span class='ocrx_word' id='word_1_350' title='bbox 1283 3977 1332 4033; x_wconf 79' lang='lat' dir='ltr'><strong>est,</strong></span> <span class='ocrx_word' id='word_1_351' title='bbox 1353 3974 1489 4042; x_wconf 85' lang='lat' dir='ltr'><strong>egregium</strong></span> 
     </span>
     <span class='ocr_line' id='line_1_38' title="bbox 403 4035 1563 4112; baseline 0.011 -27"><span class='ocrx_word' id='word_1_352' title='bbox 403 4041 432 4085; x_wconf 89' lang='lat' dir='ltr'><strong>et</strong></span> <span class='ocrx_word' id='word_1_353' title='bbox 454 4035 603 4102; x_wconf 88' lang='lat' dir='ltr'><strong>sapientem</strong></span> <span class='ocrx_word' id='word_1_354' title='bbox 629 4056 645 4089; x_wconf 92' lang='lat' dir='ltr'><strong>a</strong></span> <span class='ocrx_word' id='word_1_355' title='bbox 674 4041 783 4094; x_wconf 86' lang='lat' dir='ltr'><strong>Graecis</strong></span> <span class='ocrx_word' id='word_1_356' title='bbox 812 4041 910 4093; x_wconf 84' lang='lat' dir='ltr'><strong>factum</strong></span> <span class='ocrx_word' id='word_1_357' title='bbox 931 4059 997 4102; x_wconf 46' lang='lat' dir='ltr'><strong>¹esse</strong></span> <span class='ocrx_word' id='word_1_358' title='bbox 1027 4044 1218 4112; x_wconf 87' lang='lat' dir='ltr'><strong>patriarcham,</strong></span> <span class='ocrx_word' id='word_1_359' title='bbox 1246 4044 1274 4092; x_wconf 86' lang='lat' dir='ltr'><strong>in</strong></span> <span class='ocrx_word' id='word_1_360' title='bbox 1303 4044 1491 4112; x_wconf 86' lang='lat' dir='ltr'><strong>respondendo</strong></span> <span class='ocrx_word' id='word_1_361' title='bbox 1560 4063 1563 4066; x_wconf 58' lang='lat'><strong>⁴</strong></span> 
     </span>
     <span class='ocr_line' id='line_1_39' title="bbox 402 4107 1497 4185; baseline 0.013 -31"><span class='ocrx_word' id='word_1_362' title='bbox 402 4113 566 4176; x_wconf 86' lang='lat' dir='ltr'><strong>promptum.</strong></span> <span class='ocrx_word' id='word_1_363' title='bbox 584 4107 655 4158; x_wconf 92' lang='lat' dir='ltr'><strong>unde</strong></span> <span class='ocrx_word' id='word_1_364' title='bbox 674 4120 701 4162; x_wconf 89' lang='lat' dir='ltr'><strong>et</strong></span> <span class='ocrx_word' id='word_1_365' title='bbox 718 4113 834 4182; x_wconf 82' lang='lat' dir='ltr'><strong>speciem</strong></span> <span class='ocrx_word' id='word_1_366' title='bbox 852 4111 1028 4183; x_wconf 85' lang='lat' dir='ltr'><strong>approbantis</strong></span> <span class='ocrx_word' id='word_1_367' title='bbox 1044 4115 1256 4185; x_wconf 86' lang='lat' dir='ltr'><strong>disputationem</strong></span> <span class='ocrx_word' id='word_1_368' title='bbox 1268 4111 1341 4162; x_wconf 86' lang='lat' dir='ltr'><strong>illam</strong></span> <span class='ocrx_word' id='word_1_369' title='bbox 1363 4121 1391 4167; x_wconf 79' lang='lat' dir='ltr'><strong>ct</strong></span> <span class='ocrx_word' id='word_1_370' title='bbox 1410 4115 1497 4168; x_wconf 82' lang='lat' dir='ltr'><strong>verba·</strong></span> 
     </span>
     <span class='ocr_line' id='line_1_40' title="bbox 403 4176 1493 4254; baseline 0.01 -27"><span class='ocrx_word' id='word_1_371' title='bbox 403 4177 438 4227; x_wconf 90' lang='lat' dir='ltr'><strong>de</strong></span> <span class='ocrx_word' id='word_1_372' title='bbox 463 4176 583 4227; x_wconf 80' lang='lat' dir='ltr'><strong>articulis</strong></span> <span class='ocrx_word' id='word_1_373' title='bbox 612 4177 674 4230; x_wconf 83' lang='lat' dir='ltr'><strong>fidei</strong></span> <span class='ocrx_word' id='word_1_374' title='bbox 700 4181 792 4234; x_wconf 84' lang='lat' dir='ltr'><strong>habita</strong></span> <span class='ocrx_word' id='word_1_375' title='bbox 824 4185 966 4252; x_wconf 86' lang='lat' dir='ltr'><strong>praebuit,</strong></span> <span class='ocrx_word' id='word_1_376' title='bbox 995 4185 1069 4254; x_wconf 91' lang='lat' dir='ltr'><strong>quod</strong></span> <span class='ocrx_word' id='word_1_377' title='bbox 1101 4201 1207 4236; x_wconf 84' lang='lat' dir='ltr'><strong>ornnem</strong></span> <span class='ocrx_word' id='word_1_378' title='bbox 1241 4198 1299 4232; x_wconf 81' lang='lat' dir='ltr'><strong>earn</strong></span> <span class='ocrx_word' id='word_1_379' title='bbox 1324 4184 1493 4252; x_wconf 80' lang='lat' dir='ltr'><strong>dissertatio-</strong></span> 
     </span>
     <span class='ocr_line' id='line_1_41' title="bbox 403 4246 1560 4325; baseline 0.01 -27"><span class='ocrx_word' id='word_1_380' title='bbox 403 4263 464 4299; x_wconf 88' lang='lat' dir='ltr'><strong>nem</strong></span> <span class='ocrx_word' id='word_1_381' title='bbox 488 4247 571 4297; x_wconf 86' lang='lat' dir='ltr'><strong>literis</strong></span> <span class='ocrx_word' id='word_1_382' title='bbox 600 4246 718 4313; x_wconf 89' lang='lat' dir='ltr'><strong>abillo,</strong></span> <span class='ocrx_word' id='word_1_383' title='bbox 745 4255 798 4304; x_wconf 88' lang='lat' dir='ltr'><strong>suis</strong></span> <span class='ocrx_word' id='word_1_384' title='bbox 815 4256 952 4324; x_wconf 85' lang='lat' dir='ltr'><strong>capitibus</strong></span> <span class='ocrx_word' id='word_1_385' title='bbox 971 4255 1140 4317; x_wconf 86' lang='lat' dir='ltr'><strong>distinctam,</strong></span> <span class='ocrx_word' id='word_1_386' title='bbox 1163 4252 1288 4314; x_wconf 86' lang='lat' dir='ltr'><strong>mandari¹</strong></span> <span class='ocrx_word' id='word_1_387' title='bbox 1311 4254 1417 4325; x_wconf 87' lang='lat' dir='ltr'><strong>sibique</strong></span> <span class='ocrx_word' id='word_1_388' title='bbox 1436 4257 1493 4308; x_wconf 90' lang='lat' dir='ltr'><strong>dari</strong></span> <span class='ocrx_word' id='word_1_389' title='bbox 1559 4287 1560 4290; x_wconf 17' lang='grc' dir='ltr'><strong><em>κ</em></strong></span> 
     </span>
     <span class='ocr_line' id='line_1_42' title="bbox 403 4316 1491 4395; baseline 0.012 -28"><span class='ocrx_word' id='word_1_390' title='bbox 403 4319 498 4370; x_wconf 83' lang='lat' dir='ltr'><strong>voluit.</strong></span> <span class='ocrx_word' id='word_1_391' title='bbox 535 4316 610 4386; x_wconf 88' lang='lat' dir='ltr'><strong>quod</strong></span> <span class='ocrx_word' id='word_1_392' title='bbox 634 4326 662 4369; x_wconf 90' lang='lat' dir='ltr'><strong>et</strong></span> <span class='ocrx_word' id='word_1_393' title='bbox 683 4319 865 4390; x_wconf 75' lang='lat' dir='ltr'><strong>factumest,</strong></span> <span class='ocrx_word' id='word_1_394' title='bbox 894 4335 1022 4395; x_wconf 77' lang='lat' dir='ltr'><strong>extatque</strong></span> <span class='ocrx_word' id='word_1_395' title='bbox 1043 4327 1171 4394; x_wconf 84' lang='lat' dir='ltr'><strong>scriptum</strong></span> <span class='ocrx_word' id='word_1_396' title='bbox 1199 4324 1286 4386; x_wconf 87' lang='lat' dir='ltr'><strong>illud,</strong></span> <span class='ocrx_word' id='word_1_397' title='bbox 1309 4334 1340 4380; x_wconf 61' lang='lat' dir='ltr'><strong>,et</strong></span> <span class='ocrx_word' id='word_1_398' title='bbox 1369 4329 1398 4379; x_wconf 85' lang='lat' dir='ltr'><strong>in</strong></span> <span class='ocrx_word' id='word_1_399' title='bbox 1419 4330 1491 4382; x_wconf 89' lang='lat' dir='ltr'><strong>Tur·</strong></span> 
     </span>
     <span class='ocr_line' id='line_1_43' title="bbox 404 4389 1490 4465; baseline 0.008 -24"><span class='ocrx_word' id='word_1_400' title='bbox 404 4389 695 4456; x_wconf 74' lang='lat' dir='ltr'><strong>carabicam‘linguam</strong></span> <span class='ocrx_word' id='word_1_401' title='bbox 721 4401 736 4440; x_wconf 85' lang='lat' dir='ltr'><strong>a</strong></span> <span class='ocrx_word' id='word_1_402' title='bbox 765 4394 893 4448; x_wconf 85' lang='lat' dir='ltr'><strong>Berroeae</strong></span> <span class='ocrx_word' id='word_1_403' title='bbox 918 4396 1057 4465; x_wconf 83' lang='lat' dir='ltr'><strong>praelecto</strong></span> <span class='ocrx_word' id='word_1_404' title='bbox 1083 4395 1229 4447; x_wconf 77' lang='lat' dir='ltr'><strong>dehumata</strong></span> <span class='ocrx_word' id='word_1_405' title='bbox 1251 4397 1416 4462; x_wconf 74' lang='lat' dir='ltr'><strong>,translatum</strong></span> <span class='ocrx_word' id='word_1_406' title='bbox 1441 4407 1490 4450; x_wconf 88' lang='lat' dir='ltr'><strong>est.</strong></span> 
     </span>
     <span class='ocr_line' id='line_1_44' title="bbox 404 4459 1514 4534; baseline 0.006 -23"><span class='ocrx_word' id='word_1_407' title='bbox 404 4460 479 4531; x_wconf 88' lang='lat' dir='ltr'><strong>quod</strong></span> <span class='ocrx_word' id='word_1_408' title='bbox 498 4461 618 4512; x_wconf 86' lang='lat' dir='ltr'><strong>sultanus</strong></span> <span class='ocrx_word' id='word_1_409' title='bbox 638 4460 688 4519; x_wconf 88' lang='lat' dir='ltr'><strong>sibi</strong></span> <span class='ocrx_word' id='word_1_410' title='bbox 709 4459 859 4514; x_wconf 71' lang='lat' dir='ltr'><strong>exhibitum</strong></span> <span class='ocrx_word' id='word_1_411' title='bbox 880 4467 995 4534; x_wconf 81' lang='lat' dir='ltr'><strong>perlegit</strong></span> <span class='ocrx_word' id='word_1_412' title='bbox 1013 4474 1120 4529; x_wconf 87' lang='lat' dir='ltr'><strong>totum,</strong></span> <span class='ocrx_word' id='word_1_413' title='bbox 1140 4475 1168 4518; x_wconf 89' lang='lat' dir='ltr'><strong>et</strong></span> <span class='ocrx_word' id='word_1_414' title='bbox 1184 4469 1346 4520; x_wconf 84' lang='lat' dir='ltr'><strong>sententiam</strong></span> <span class='ocrx_word' id='word_1_415' title='bbox 1369 4470 1490 4522; x_wconf 82' lang='lat' dir='ltr'><strong>elusiu-</strong></span> <span class='ocrx_word' id='word_1_416' title='bbox 1512 4513 1514 4518; x_wconf 93' lang='lat'><strong>.</strong></span> 
     </span>
    </p>
   </div>
   <div class='ocr_carea' id='block_1_5' title="bbox 0 0 1865 5350">
    <p class='ocr_par' dir='ltr' id='par_1_9' title="bbox 0 0 1865 5350">
     <span class='ocr_line' id='line_1_45' title="bbox 0 0 1865 5350; baseline 0 0"><span class='ocrx_word' id='word_1_417' title='bbox 0 0 1865 5350; x_wconf 95' lang='lat' dir='ltr'><strong> </strong></span> 
     </span>
    </p>
   </div>
  </div>
 </body>
</html>
