3692 5350
793 590 1110 657 Psuuttucfflcs.
1422 576 1471 648 89

308 775 311 784 ¹
374 739 552 826 μετεβλήθη
575 742 620 816 εἰς
640 735 696 824 τήν
714 740 819 822 σόρκο
842 735 862 823 ἢ
885 740 945 824 τὴν
967 735 1077 821 ψυχὴν
1107 743 1165 802 τοῦ
1188 740 1341 821 Χριστοῦ,
1357 729 1473 819 ὀῦτιῆ
1556 802 1558 805 .

376 843 458 923 σόρξ
485 843 543 904 τοῦ
573 842 719 920 Χριστοῦ
754 835 773 923 ἢ
805 838 935 923 ἡψυχὴ
968 841 1070 903 σῦτοῦ
1094 835 1275 920 μετετρόττη
1305 839 1352 910 εἰς
1382 833 1474 918 λόγον

377 939 467 1023 θεοῦ,
488 935 567 1004 utta*
596 931 637 1021 ἧν
660 942 715 1003 καί
735 936 821 1004 ἔστιν
841 943 874 1003 ἐν
895 942 939 1026 τῷ
959 941 1100 1024 Χριστῷ,
1132 934 1211 1017 μεσό
1235 936 1290 1017 τὴν
1311 935 1474 1017 ῦτιερθαῦ.

326 1069 328 1080 1
376 1061 494 1116 μοστον
522 1037 622 1102 αῦτοῦ
642 1039 822 1116 οἰκονομίαν
844 1039 982 1119 ἐκείνην,
1010 1033 1106 1115 όμὲν
1129 1037 1187 1097 τοῦ
1207 1038 1287 1097 θεοῦ
1310 1035 1400 1116 λόγος
1420 1031 1473 1096 isi·

352 1148 441 1216 5γος,
464 1134 482 1216 ἡ
509 1135 543 1196 tt
565 1131 772 1216 α’νθροονιότης
801 1132 1030 1216 α’νθρωττότηςτ
1074 1125 1198 1194 καῦῦτι
1219 1125 1257 1192 οῦ
1279 1136 1474 1213 προσέλαβεν
1515 1207 1518 1212 ¹

346 1249 350 1260 '
378 1231 397 1314 ἦ
427 1228 634 1314 όνθριοτιότης
668 1235 724 1294 τοῦ
760 1234 904 1310 Χριστοῦ
933 1229 989 1312 τήν
1021 1228 1177 1311 θεότηνα,
1208 1231 1278 1291 ἀλλ’
1309 1229 1327 1311 ἦ
1360 1229 1475 1314 θεότης
1538 1259 1541 1262 ’

378 1332 437 1392 τοῦ
465 1325 562 1418 λόγον
600 1330 657 1391 τοῦ
696 1331 775 1392 θεοῦ
808 1332 984 1410 προσέλαβε
1026 1324 1082 1408 τήν
1118 1326 1319 1410 α’νθροιττειλιν
1360 1327 1475 1411 φύσιν,
1545 1384 1548 1389 ,
1581 1376 1585 1380 Α

378 1431 412 1491 όν
443 1429 530 1514 αὐτῷ
560 1431 605 1512 τῷ
636 1429 881 1510 ττροσληφθῆναι
915 1429 1085 1493 σοσιῦστιν.
1135 1428 1198 1488 πᾶν
1229 1421 1307 1507 ότιερ
1338 1423 1424 1488 ε’στόν
1442 1422 1477 1488 ἐν
1565 1452 1572 1461 ’

377 1527 420 1612 τῷ
444 1525 509 1610 θεῷ
535 1522 590 1586 κατ’
622 1525 656 1586 ἐκ
690 1526 746 1586 τοῦ
773 1526 870 1605 θεοῦ,
902 1527 1046 1606 φοσικοῦς
1075 1522 1151 1596 θεός
1181 1523 1280 1619 ἐστιν,
1309 1522 1388 1585 διότι
1418 1522 1477 1584 οῦκ

236 1687 238 1698 Α
335 1621 462 1696 miuus
481 1626 576 1708 ἐντῷ
599 1625 665 1706 θεῷ
685 1620 894 1705 συμβεβηκός.
951 1625 1006 1684 κατ’
1027 1621 1081 1685 dtu*
1102 1624 1196 1685 τοῦτο
1220 1619 1274 1686 τὸν
1294 1619 1404 1705 νοητόν
1426 1618 1477 1684 λό-

354 1745 433 1805 ’γον
452 1724 508 1786 τοῦ
531 1724 610 1808 θεοῦ
643 1718 719 1783 θεόν
748 1718 943 1798 ὀνομάζομεν
979 1723 1035 1783 καί
1065 1715 1265 1799 πιστεῦομεν.
1317 1719 1374 1783 κοῦ
1395 1718 1476 1783 διότι

379 1813 472 1894 οὗτος
507 1819 524 1883 ό
555 1805 646 1901 λόγος
681 1823 738 1882 τοῦ
760 1822 840 1882 θεοῦ
873 1811 911 1900 ἦν
932 1816 967 1883 ὲν
990 1823 1034 1905 τῷ
1054 1823 1206 1905 Χριστοῦ,
1227 1818 1279 1882 διό
1304 1821 1398 1883 τοῦτο
1422 1816 1478 1881 τόν

378 1916 521 2001 Χριστόν
541 1916 617 1982 θεόν
639 1918 695 1981 uui
715 1911 884 1998 ἄνθρωπον
906 1915 1132 1999 ὁμολογοῦμεν,
1152 1911 1322 1998 ῦνθριοτιον
1343 1921 1402 1996 μὲν
1423 1915 1477 1979 διό

379 2017 437 2101 τήν
462 2017 572 2100 ψυχὴν
602 2020 658 2081 κατ’
682 2015 716 2080 τό
739 2018 850 2099 στῦμα,
877 2013 951 2080 θεόν
983 2018 1019 2079 δὲ
1047 2016 1101 2078 διό
1133 2014 1186 2080 τόν·
1218 2019 1252 2079 ἑν
1276 2016 1365 2102 αὐτῷ
1386 2013 1478 2098 λόγον

337 2120 436 2180 15τοῦ
458 2118 546 2180 θεοῦ.

462 2211 505 2279 θ’.
551 2214 755 2296 Πιοτεῦομεν
776 2203 824 2280 dit
847 2215 862 2278 ό
884 2213 975 2297 λόγος
988 2217 1046 2279 τοῦ
1073 2216 1152 2279 θεοῦ
1172 2207 1210 2299 ἦν
1230 2216 1265 2278 όν
1284 2218 1329 2300 τῷ
1348 2217 1480 2300 Χριστῷ

335 2361 339 2366 -
380 2313 435 2379 καί
458 2316 491 2378 όν
512 2317 555 2400 τῷ
576 2313 681 2402 κόσμῳ
704 2318 758 2378 κατ’
780 2312 814 2378 ἐν
835 2316 880 2402 τῷ
904 2315 1029 2401 οῦρονῷ
1059 2312 1170 2379 κοῖόν
1195 2318 1237 2400 τῷ
1257 2318 1325 2401 θεῷ
1341 2313 1398 2376 κατ’
1416 2339 1481 2376 τιο-

280 2462 283 2466 .
380 2413 440 2494 τρό,
462 2412 543 2476 ῦτότι
566 2409 581 2475 ό
602 2413 694 2496 λόγος
714 2417 770 2479 τοῦ
782 2417 862 2477 θεοῦ
875 2408 1114 2497 ε’στίνότιειρος,
1134 2410 1238 2495 ὥσπερ
1261 2412 1278 2475 ό
1299 2411 1375 2488 θεός
1396 2412 1480 2476 ἐστίν

382 2507 529 2598 ἄπειρος,
565 2504 720 2594 όγεννοῦῦ
747 2511 843 2576 οῦτόν
873 2506 972 2596 ἤγουν
1001 2517 1095 2592 νοοῦν,
1116 2511 1171 2576 κατ’
1191 2506 1324 2596 ῦσειρον
1344 2508 1480 2590 δόνομιν
1522 2567 1527 2571 .

337 2607 475 2692 θθέχοον.
517 2609 599 2694 πλὴν
628 2614 663 2676 ἐν
692 2614 735 2699 τῷ
756 2615 820 2697 θεῷ
850 2609 932 2675 κατὰ
962 2606 1057 2673 ἄλλον
1088 2610 1207 2694 πρόμον
1229 2604 1284 2697 ἦν,
1305 2613 1361 2675 uui
1381 2611 1415 2672 όν
1436 2609 1480 2694 τῷ

382 2711 513 2801 Χριστῷ
533 2707 614 2775 narsi
638 2706 743 2793 ἄλλον,
763 2711 819 2775 κατ’
842 2713 876 2775 όν
897 2714 940 2798 τῷ
959 2707 1067 2798 κόσμῳ
1088 2712 1169 2774 κατὰ
1191 2702 1298 2775 ἄλλον.

467 2808 497 2871 ι’.
541 2809 745 2889 Πιστεόομεν
766 2805 826 2894 ότι,
848 2805 924 2874 όταν
952 2807 969 2872 ό
992 2808 1066 2883 θεός
1086 2809 1217 2896 κοινωνῇ
1236 2811 1291 2892 τῆς
1315 2801 1480 2892 α’γοθότιγ·
1565 2825 1568 2828 ·

446 2910 478 3001 14.
495 2950 607 3001 aiterum
626 2950 708 3021 λόγος
727 2960 755 3004 st
772 2953 797 3004 5.
818 2953 931 3021 aiterum
954 2950 1140 3021 όνθρωπότης
1159 2951 1211 3004 add
1231 2950 1250 3004 P
1322 2950 1364 3004 18.
1383 2950 1479 3022 ὥσπερ

453 3052 486 3061 -
506 3018 635 3092 ἄπειρος]
656 3024 737 3075 καλΡ
830 3022 869 3075 19.
892 3021 907 3077 ό
928 3023 964 3075 P:
988 3024 1070 3092 vulgo
1091 3019 1125 3083 ὃς
1212 3021 1462 3094 ἧγοννόνονῦνθ

384 3162 483 3217 Christi
505 3166 654 3217 autauimu
679 3166 737 3215 eius
764 3182 892 3217 conversa
915 3166 942 3217 in
966 3167 1057 3234 iugum
1085 3164 1143 3218 dei:
1177 3164 1225 3218 sed
1250 3175 1308 3217 erat
1335 3173 1363 3217 et
1391 3174 1433 3217 est
1451 3167 1480 3217 in

385 3234 494 3287 Christo
505 3274 512 3298 ,
531 3245 595 3304 post
614 3235 687 3285 illam
707 3238 766 3287 eius
784 3254 886 3288 summe
903 3236 1086 3289 admirandam
1099 3236 1341 3306 dispensationem,
1359 3245 1414 3287 tum
1433 3236 1479 3286 dei

385 3305 462 3371 logus
483 3306 568 3371 iogus,
587 3315 642 3359 tum
661 3305 813 3358 humauitas
833 3306 995 3358 humanitas.
1037 3324 1088 3358 nse
1107 3309 1187 3358 stiam
1206 3306 1359 3358 humanitas
1379 3306 1480 3358 Christi

386 3374 554 3427 divinitatem
581 3378 741 3445 assumpsit,
761 3376 808 3428 ssd
839 3375 966 3428 divinitas
986 3378 1038 3445 iugi
1060 3376 1104 3427 dei
1123 3384 1245 3428 naturam
1265 3377 1409 3426 humanam
1430 3394 1478 3427 as-

385 3448 518 3515 sumpsit,
546 3448 574 3497 in
595 3446 652 3515 ipsa
676 3447 828 3498 assumendi
847 3448 955 3499 actions
975 3455 1195 3515 coagmentatum.
1232 3446 1362 3515 quicquid
1378 3447 1405 3495 in
1425 3446 1478 3497 deu

385 3524 472 3567 estet
500 3532 532 3566 es
562 3515 629 3578 deo,
656 3525 751 3568 natura
778 3517 844 3569 drus
871 3525 930 3581 est,
948 3519 1012 3587 quia
1031 3517 1136 3567 nulium
1158 3518 1187 3567 in
1209 3516 1263 3567 deo
1284 3514 1408 3566 accidens
1428 3525 1477 3567 est

383 3584 463 3646 ideo,
493 3588 540 3655 qui
559 3587 608 3637 sub
627 3588 835 3655 intelligentiam
860 3588 947 3652 cadit,
966 3590 1064 3657 ¹logum
1090 3586 1135 3638 dei
1160 3587 1241 3636 dsum
1262 3585 1431 3637 nominamus
1450 3592 1480 3637 et

383 3654 522 3707 credimus.
561 3665 589 3708 et
605 3658 669 3726 quia
687 3657 732 3708 hic
749 3658 794 3709 dsi
811 3660 885 3726 lngus
903 3668 962 3710 erat
980 3660 1008 3709 in
1024 3658 1143 3718 Christo,
1162 3656 1225 3706 ideo
1243 3655 1377 3707 Christum
1398 3655 1478 3706 deum

385 3733 411 3776 st
430 3726 566 3778 hominem
584 3727 751 3789 confitemur,
770 3728 906 3780 huminem
927 3729 1036 3798 quidem
1061 3734 1174 3797 propter
1189 3726 1304 3776 animam
1324 3734 1353 3778 et
1370 3744 1477 3796 corpus,

383 3794 475 3847 deum·
495 3798 688 3867 vsro‘propter
713 3798 756 3849 dei
784 3801 895 3865 logum,
915 3800 962 3869 qui
983 3800 1012 3851 in
1033 3799 1093 3866 ipso
1112 3807 1161 3849 est.
1464 3833 1467 3840 -

562 3884 698 3937 Hactenus
719 3893 840 3938 octavum
859 3896 947 3956 caput.

453 3968 593 4021 Credimus
621 3973 710 4039 logum
740 3971 784 4023 dei
814 3973 897 4024 iuisss
929 3973 956 4024 in
974 3971 1080 4024 Christo
1108 3979 1137 4023 et
1164 3963 1193 4021 iu
1219 3968 1320 4020 mundo
1345 3977 1429 4039 atqus
1450 3969 1478 4031 in

383 4040 458 4097 cneio
486 4048 513 4091 et
542 4042 570 4091 iu
593 4040 759 4111 das—patre,
778 4042 906 4112 quoniam
939 4043 1015 4109 logus
1043 4042 1087 4093 dei
1106 4050 1148 4093 est
1166 4040 1298 4103 infinitus,
1324 4041 1393 4091 sicut
1412 4039 1479 4090 deus

344 4130 347 4137 ’
384 4110 460 4161 nulio
482 4110 535 4161 fine
555 4111 707 4175 clauditur,
738 4114 784 4183 qui
805 4122 914 4180 generat
932 4131 1002 4177 eum,
1024 4113 1053 4163 id
1073 4121 1121 4178 est,
1139 4111 1278 4178 intelligit,
1297 4121 1325 4163 et
1344 4111 1478 4167 infinitam

384 4181 536 4248 potentiam
556 4182 646 4234 habet.
689 4191 865 4236 veruntamen
884 4184 912 4236 in
939 4183 990 4234 deo
1010 4184 1065 4235 alio
1085 4183 1166 4235 modo
1187 4192 1255 4245 erat,
1278 4191 1304 4234 st
1324 4183 1353 4232 in
1373 4180 1479 4232 Christo

385 4252 449 4315 atio,
468 4251 588 4321 itemque
607 4255 633 4303 in
652 4254 754 4305 muudu
774 4255 839 4305 atio.

469 4358 471 4363 ’
520 4380 523 4389 ,
560 4340 695 4392 Hactenus
713 4358 814 4409 nouum
835 4349 923 4407 caput.

472 4424 633 4489 Credimus,
665 4426 775 4496 quaudo
797 4427 863 4477 deus
882 4426 916 4479 de
937 4426 1060 4479 bonitate
1087 4430 1133 4478 susi
1154 4421 1181 4479 st
1201 4421 1285 4495 gritia
1306 4420 1478 4488 casualiquo
