3692 5350
450 532 520 604 168
905 539 1101 606 msaomt

446 686 510 768 ριόν
538 687 670 767 ὁρισμός
692 710 757 766 μου
778 689 815 751 νά
838 685 907 752 ἕνοι
929 692 986 752 καί
1006 691 1149 768 διαμένει
1180 689 1310 766 βέβαιος
1331 688 1385 749 κατ’
1406 684 1548 750 α’σάλευ-

445 810 505 858 τος.
549 782 646 848 ἔδωκε
678 788 844 851 discrima
873 785 929 852 τὸν
950 783 1084 868 ὁρισμὸν
1114 783 1332 875 ὅσοολτάνος
1346 789 1389 865 μὲ
1412 783 1453 847 τά
1470 787 1547 867 χὲρη

444 907 503 946 τοο
523 889 585 946 τοῖν
611 877 873 967 άτιοκρισιαριόον,
900 883 937 946 νά
957 884 1011 948 τὸν
1036 881 1177 948 ε’δαὶσοαν
1198 885 1254 946 τοῦ
1273 888 1430 962 βασιλέως
1455 887 1549 947 Κιαν-

445 987 623 1046 οταντίνου.
667 987 721 1047 καί
743 980 842 1057 οὕτως
864 981 1119 1066 εἰιροσκάνησαν,
1146 980 1202 1044 κατ’
1224 975 1326 1063 ἦλθαν
1348 984 1393 1056 εἰς
1415 981 1471 1046 τὸν
1491 990 1549 1063 βα-

445 1083 565 1160 σιλὲαν,
588 1081 643 1144 καί
663 1080 718 1144 τὸν
742 1079 875 1165 ὁρισμόν
898 1084 956 1145 τοῦ
979 1079 1109 1144 ἔδωκαν.
1153 1080 1196 1155 οἷς
1220 1084 1255 1143 δὲ
1276 1078 1343 1144 ἴδεν
1364 1080 1571 1161 ὅβασιλεύςδ

445 1177 498 1243 τὸν
520 1179 651 1262 ιλριομὸν
674 1182 933 1264 τοῦσοαλτάνου,
957 1178 1059 1263 ἐχάρη
1082 1178 1191 1262 ιισλλοὶ,
1214 1179 1268 1244 καί
1282 1174 1549 1263 τῆςολραςὲιτῆρε

445 1279 484 1341 τά
508 1277 629 1342 κλειδία
660 1283 716 1343 τοῦ
745 1278 881 1360 κάστροο
910 1283 964 1342 καί
985 1278 1060 1353 roric
1087 1273 1244 1362 ἄρχοντας
1274 1281 1375 1341 αὐτοῦ
1408 1283 1468 1346 καί
1487 1278 1548 1341 α’ντὸ

446 1375 502 1440 τάν
522 1375 609 1452 λαόν,
634 1379 688 1439 καί
708 1377 831 1460 edwine,
856 1382 911 1440 καί
933 1378 1049 1459 ὑπῆγεν
1079 1378 1124 1450 εἰς
1144 1375 1202 1458 τήν
1223 1381 1314 1440 τέντα
1338 1381 1395 1440 τοῦ
1412 1375 1551 1441 σουλτά-

450 1476 673 1554 νου,καίτοῦ
702 1473 884 1556 ἐσαρὲδωκε
906 1477 946 1539 τά
971 1479 1090 1539 κλειιλιά
1114 1480 1160 1550 εἰς
1187 1476 1225 1539 τά
1248 1476 1342 1556 χεριά
1363 1485 1429 1538 του.
1476 1475 1550 1540 ὅδὲ

446 1577 619 1652 σοολτάνος
641 1575 817 1657 η’χκαλίσθρ
853 1576 907 1638 τάν
928 1580 1080 1656 βασιλέαν
1118 1578 1173 1637 κατ’
1193 1573 1248 1638 τὸν
1269 1573 1401 1658 ὲφιλησε
1424 1578 1480 1642 καί
1501 1574 1551 1639 τάν
1561 1594 1590 1646 10

387 1670 594 1752 λῧῧέκάθισεν
628 1672 736 1748 εἰς.τό
760 1675 863 1750 δεξιόν
891 1700 947 1738 του
968 1679 1082 1759 μέρος·
1139 1677 1194 1737 καί
1216 1671 1402 1754 ὅρισε,κοιι“
1428 1672 1552 1754 ἔκαμον

444 1780 562 1853 χαραῖς
582 1770 733 1853 μεγάλαις
754 1782 838 1856 τρεῖς
868 1773 1001 1856 ἡμέραις
1025 1774 1080 1837 καί
1100 1781 1183 1853 τρεῖς
1205 1771 1344 1845 νύκταις.
1398 1777 1457 1837 καί
1478 1772 1552 1856 ἔτζη

445 1865 559 1952 ἐπῆρεν
582 1869 598 1934 ὅ
620 1874 771 1952 βασιλεύς
791 1873 847 1936 τὸν
869 1871 1053 1955 σοολτάνον,
1075 1872 1130 1935 κατ’
1143 1874 1285 1954 ε’μιιῆκαν
1306 1873 1351 1952 εἰς
1368 1869 1426 1954 τήν
1450 1867 1552 1950 πόλιν,

446 1968 501 2032 καί
521 1972 577 2032 τοῦ
601 1968 657 2054 τὴν
678 1969 887 2053 εἰιαρέδωκε.”

531 2067 685 2144 Ἀκούσας
708 2072 865 2134 δὲταῦτα
889 2066 909 2134 ὅ,
931 2071 1050 2142 αασιάς
1083 2068 1146 2131 άπὸ
1169 2073 1233 2134 τῶν
1257 2069 1447 2152 μαρτύρων,
1469 2066 1612 2152 duri-15

412 2184 420 2188 ”
448 2191 501 2249 χεν
522 2171 567 2240 εἰς
597 2167 653 2232 τὸν
671 2172 844 2232 σοολτάνον
869 2171 924 2231 καί
946 2166 1047 2250 άρτζη
1069 2172 1172 2232 ταῦτα
1207 2163 1267 2230 ὅλα
1288 2172 1345 2231 τοῦ
1366 2165 1476 2250 ἔκαμε,
1500 2169 1556 2234 καί

343 2267 344 2272 '
448 2266 482 2331 τὸ
505 2271 604 2348 γῆρας
622 2266 677 2330 καί
695 2266 752 2350 τὴν
767 2268 978 2349 πολυχρόνιον
1000 2271 1064 2330 ταῖν
1077 2261 1252 2349 μαρτύρων
1273 2261 1354 2329 εἶτε.
1377 2268 1432 2333 κατ’
1455 2271 1554 2330 α’κού.

449 2389 509 2440 σας
541 2369 640 2429 ταῦτα
668 2366 685 2427 ὅ
717 2363 885 2440 σοαλτάνος
921 2365 1066 2449 μεγάλως
1089 2368 1272 2448 ἐθαύμασε,
1300 2365 1355 2430 κατ’
1384 2367 1555 2447 πορευθεὶς

451 2457 539 2546 άρισε
551 2511 562 2540 ,
595 2463 651 2528 καί
670 2462 794 2529 ἔδωκαν
810 2463 953 2546 Ιὁρισμὸν
973 2467 1028 2528 τοῦ
1041 2516 1043 2520 ,
1057 2468 1258 2548 πατριάρχου
1281 2466 1319 2528 νά
1342 2466 1386 2546 μὴ
1410 2468 1464 2529 <tta
1486 2465 1556 2548 ἔχει

451 2568 544 2628 πλέον
563 2569 698 2628 κανέοισιν
728 2563 907 2647 πειρασμὸν
945 2565 1019 2629 οὐδὲ
1040 2565 1207 2649 ἐνόχλησιν
1234 2554 1384 2647 περὶτῆς
1406 2563 1555 2650 τοιαύτης
1564 2583 1597 2635 20

450 2658 634 2740 ὑποθέσεως
655 2668 715 2735 τῶν
737 2668 919 2749 ἐκκλησιῶν,
943 2667 1002 2740 ἕως
1024 2657 1063 2728 οὗ
1086 2663 1229 2745 στὲκεται
1249 2664 1266 2727 ὅ
1289 2669 1414 2743 κόσμος.

530 2764 582 2839 Ὡς
611 2768 645 2829 δὲ
675 2764 786 2846 ἔλαβεν
816 2761 1053 2849 ὅπατριάρχης
1083 2764 1137 2827 τὸν
1159 2764 1309 2847 ὁρισμόν,
1332 2758 1430 2848 ἦλθεν
1450 2766 1497 2838 εἰς
1517 2763 1554 2828 to*

452 3020 556 3079 ducam,
574 3038 623 3071 nec
641 3039 690 3088 ego
709 3038 760 3073 nec
774 3038 940 3073 successores
960 3022 1032 3089 regni
1053 3023 1105 3073 mei
1124 3024 1182 3075 ullo
1202 3040 1320 3091 unquam
1340 3030 1481 3091 ternpore=
1500 3024 1554 3074 sed

451 3089 503 3141 hoc
524 3092 792 3147 arreum-consultum
821 3100 848 3155 et
871 3094 1012 3143 sententia>
1026 3103 1133 3144 maneat
1152 3095 1277 3157 tirmiter,
1308 3110 1358 3144 nec
1386 3094 1443 3143 ullo
1466 3093 1552 3144 modo

452 3160 638 3213 labefactetur.
677 3162 788 3213 tradidit
807 3163 858 3213 hoc
877 3162 1014 3214 decretum
1035 3165 1157 3215 sultanus
1177 3182 1256 3214 manu
1279 3181 1326 3215 sua
1347 3165 1451 3229 legatis,
1473 3171 1501 3214 ut
1523 3164 1553 3215 id

442 3232 506 3298 'regi
528 3231 705 3283 Constantino
733 3237 869 3288 afferrent.
905 3235 942 3285 ita
962 3234 989 3284 hi
1015 3234 1155 3286 humiliter
1175 3237 1323 3285 reverentia
1345 3236 1451 3285 sciitauo
1471 3233 1553 3285 exiri-

451 3302 509 3354 bita
530 3302 563 3351 ad
584 3302 771 3371 imperatorem
786 3322 860 3355 sumn
883 3304 1030 3367 redierunt,
1049 3307 1275 3375 eiqueseriptum
1295 3304 1346 3355 hoc
1359 3304 1551 3357 reddiderunt.

452 3373 496 3423 hic
515 3374 596 3439 igitur
618 3382 648 3425 ut
667 3375 741 3441 tegit
766 3376 922 3444 rescriptum
943 3377 1059 3439 sultam,
1079 3393 1143 3430 sane
1169 3393 1250 3444 quam
1266 3378 1374 3442 ¹gavisus
1394 3384 1446 3435 eat
1482 3393 1550 3443 pro-

382 3452 384 3457 ’
451 3445 515 3497 inde
540 3446 616 3497 nulia
643 3446 805 3513 interposita
832 3464 905 3497 mora
935 3448 1024 3497 claves
1046 3446 1119 3497 urbi's
1138 3448 1260 3514 accepit;
1288 3447 1322 3496 de
1344 3444 1499 3514 proceribus
1521 3456 1551 3499 et

451 3516 553 3583 populo
568 3534 636 3585 quos
657 3516 768 3567 idoncos
787 3517 969 3580 existimavit,
995 3518 1047 3569 sihi
1070 3519 1180 3569 comites
1199 3515 1339 3573 adiunxit-3
1367 3516 1434 3567 urbe
1455 3533 1551 3583 egres-

450 3604 493 3636 sus
512 3587 545 3636 ad
566 3589 711 3637 tentorium
732 3589 816 3653 ipsius
837 3589 937 3638 sultani
956 3590 1088 3656 perrexit,
1115 3594 1144 3638 et
1165 3588 1252 3638 claves
1266 3588 1306 3637 itti
1327 3588 1355 3636 in
1377 3596 1549 3638 manustra·

451 3656 529 3707 didit.
567 3659 688 3709 sultanus
710 3665 799 3723 autern
833 3660 1019 3725 imperatorem
1040 3658 1193 3708 humaniter
1212 3659 1368 3726 complexus
1387 3667 1415 3708 et
1436 3658 1550 3713 οεεοΙε-1

450 3735 493 3777 tus
516 3727 549 3778 ad
574 3729 643 3779 latus
669 3746 745 3779 suurn
777 3728 919 3789 dexterum,
949 3729 1106 3784 collocavit·
1146 3731 1183 3779 ita
1206 3729 1323 3780 triduum
1343 3735 1370 3778 et
1388 3729 1549 3779 trinoctium

449 3796 521 3848 iussu
545 3800 601 3848 eiras
632 3801 660 3849 in
691 3814 786 3865 magna
818 3798 954 3849 hilaritate
973 3799 1179 3869 vfestivitateque
1208 3807 1404 3865 consumptum.
1444 3799 1549 3850 deinde

448 3869 581 3921 sultanum
600 3870 746 3938 imperator
765 3870 793 3919 in
812 3870 904 3920 urbem
930 3869 1088 3931 introduxit,
1108 3872 1188 3939 eique
1208 3870 1277 3921 hanc
1299 3869 1438 3942 tradidit.”

517 3956 590 4007 Haec
617 3974 675 4007 cum
703 3954 830 4012 baianen
849 3972 895 4007 ore
916 3956 1026 4007 testium
1051 3957 1187 4021 audisset,
1206 3958 1318 4008 accessit
1337 3955 1370 4006 ad
1389 3956 1528 4007 sultanum
1541 3976 1558 4021 ς-

448 4022 535 4081 omnia
558 4026 608 4092 ipsi
628 4028 766 4096 exposuit3
795 4044 924 4081 annosam
955 4032 1062 4079 testium
1083 4028 1407 4096 senectutemtindicauit.
1446 4027 1549 4093 quibus

446 4095 493 4145 ille
516 4094 615 4147 auditis
633 4098 702 4154 nihil
722 4098 803 4163 magis
825 4097 971 4149 admiratus
999 4109 1052 4164 est;
1081 4110 1109 4151 et
1126 4102 1201 4151 ittico
1220 4098 1387 4167 patriarchae
1407 4096 1547 4169 sufficien-

447 4169 487 4214 ter
507 4166 585 4226 cavit,
606 4183 721 4236 eumque
740 4168 849 4219 decreto
869 4186 990 4223 securum
1010 4171 1094 4232 fecit,
1114 4187 1148 4221 ne
1169 4170 1255 4220 ulium'
1275 4170 1299 4219 ei
1317 4170 1467 4238 periculum
1488 4185 1548 4218 am·

445 4233 517 4304 plius
536 4243 642 4285 creetur
660 4255 709 4287 nec
734 4235 857 4290 molestia
879 4241 1027 4291 facessetur
1055 4242 1088 4291 de
1108 4240 1264 4290 huiusmodi
1283 4240 1392 4308 negotio
1413 4238 1546 4289 ecclesia.
1572 4253 1575 4268 ¹

446 4320 512 4364 ειιοι,
534 4303 625 4371 quoad
645 4304 688 4355 hic
706 4311 835 4360 consistat
855 4310 982 4361 mundus.

515 4388 573 4442 Hoc
593 4387 700 4441 decretu
718 4382 871 4463 ¹patriarcha
891 4405 1000 4465 accepto
1015 4398 1043 4447 in
1066 4384 1261 4463 patriarcheum
1282 4394 1405 4457 revertit,
1427 4393 1544 4445 comita·
