3692 5350
367 570 411 636 ro
801 572 995 672 uisroma

361 719 562 806 πατριάρχου
584 720 637 785 διά
666 719 699 785 τό
720 726 901 805 τελευτῆσαι
922 724 997 801 ἐκεῖ,
1018 713 1114 784 άλλοο
1137 719 1172 781 δὲ
1192 719 1449 801 προβιβαοθῆναι
1529 752 1534 773 r

337 820 407 903 5μὴ
429 825 573 895 θέλοντος
603 818 656 883 διά
689 818 722 884 τό
746 817 920 883 σκάνδαλον
956 814 1010 905 (ἦν
1038 816 1097 902 γάρ
1122 819 1178 879 οόκ
1198 815 1326 902 ὀλίγον),
1347 808 1448 889 οὕτως

361 918 470 1000 ἔμενον
490 922 722 1002 τεταραγμένοι.
767 914 783 984 ὃ
807 919 946 994 Νικαίας
967 916 1217 1005 δόιΒησοαριόον
1238 915 1292 1003 καὶ
1307 916 1328 991 Ιό
1345 915 1445 981 ‘Pan

360 1019 432 1091 σιάς
451 1014 578 1097 ἔμειναν
597 1021 631 1082 όν
650 1021 688 1103 τῇ
705 1017 821 1105 Ῥώμῃ.
877 1017 933 1080 καί
959 1020 1079 1098 ἐγένετο
1102 1016 1171 1078 ’κατ’
1197 1012 1397 1096 ιιαρόινάλιος
1429 1010 1446 1076 ό

359 1116 564 1197 Βησσοιρίων,
582 1113 684 1200 τιμήν
706 1121 760 1181 καί
779 1118 874 1191 δόξαν
895 1114 1062 1196 δεξάμενος
1077 1116 1130 1177 sui
1148 1108 1183 1176 τό
1201 1111 1472 1179 ἀσκανόάλιστονῧ

359 1211 587 1294 ἀσπαζόμενος.
1548 1212 1550 1217 Χ

383 1379 385 1382 .
436 1306 497 1377 Ἠν
515 1317 551 1379 δὲ
572 1319 606 1379 ἐν
628 1310 959 1379 Κωνσταντινοοπόλει
991 1336 1036 1386 τις
1065 1312 1238 1395 άγιιότατος
1269 1335 1447 1393 πνενματι-

304 1442 307 1446 ·
357 1410 421 1492 κός,
438 1399 605 1496 ’λεγόμενος
627 1418 658 1478 Γ
655 1413 800 1497 ρηγόριος
823 1413 842 1497 ἦ
867 1411 1003 1495 μαμμή,
1033 1409 1194 1487 σόντεκνος
1224 1414 1279 1477 τοῦ
1304 1412 1445 1493 μεγάλου

358 1514 479 1586 όοοκός.
504 1508 633 1593 ἀραντες
656 1507 712 1576 οόν
734 1511 832 1575 αάτόν
849 1518 903 1576 καί
915 1508 959 1594 μό
982 1515 1115 1575 θέλοντα
1138 1513 1238 1575 εἰπεῖν
1260 1512 1444 1593 ἐποιήσαντο

357 1616 411 1691 κατ’
434 1608 649 1694 ἀνηγόρευσαν
667 1612 882 1697 πατριάρχην·
926 1606 960 1685 iic
981 1610 1036 1673 καί
1059 1610 1093 1674 τό
1113 1609 1288 1675 σκάνδαλον
1308 1608 1443 1688 αόξανό-
1455 1626 1487 1679 10

347 1732 447 1788 μενον
468 1708 551 1789 όριόν
572 1717 628 1774 καί
645 1711 701 1793 τὴν
720 1705 837 1774 ἀλωσιν
859 1716 1018 1792 προλέγων
1040 1709 1261 1797 παρῃτήσατο,
1285 1712 1443 1793 προειπών

354 1808 410 1871 καί
428 1814 471 1895 τῷ
490 1809 560 1896 ἰδίῳ
580 1812 731 1898 σοντὲκνιρ
753 1815 795 1898 τῷ
813 1809 939 1898 μεγάλῳ
962 1812 1052 1874 δοοκί
1069 1810 1110 1885 ιός
1127 1808 1156 1873 οἱ
1175 1810 1344 1901 Ἀγαρηνοό
1361 1794 1445 1894 σωό-

356 1912 446 1981 ξοοσι
465 1909 540 1985 τοὺς
560 1908 652 1984 cinric
672 1914 772 1974 αότοό
785 1906 965 1991 ἔμπροσθεν
980 1905 1091 1993 αότοό,
1112 1907 1130 1974 δ
1151 1916 1206 1975 καί
1218 1914 1339 1994 γέγονεν
1353 1903 1445 1973 όστε.

354 2031 421 2091 ρον,
439 2008 483 2081 ιός
501 2004 516 2071 ό
539 2003 628 2090 άγιος
647 2001 815 2092 ἅνθρωπος
832 2018 988 2091 προεῖπεν.
1420 2028 1421 2033 ’

432 2106 468 2172 Ὁ
488 2105 639 2189 βασιλεός
663 2110 706 2192 δέ,
729 2108 833 2177 πεσιόν
855 2106 889 2171 ἐν
911 2112 992 2196 νόσῳ
1007 2109 1094 2195 δεινῇ
1113 2113 1151 2193 τῇ
1171 2109 1227 2192 τῆς
1247 2108 1442 2190 ἀρθρίτιδος,
1454 2126 1486 2177 15

355 2201 453 2269 ἔκειτο
473 2206 605 2288 πάσχων
627 2207 789 2289 μεγάλως·
833 2206 850 2271 ό
862 2211 1041 2282 ,σουλτάνος
1062 2208 1098 2281 δὲ
1119 2206 1306 2290 Μουράτης,
1323 2202 1370 2280 σός
1390 2228 1444 2268 κο-

312 2384 318 2393 !
353 2294 480 2386 ρεσθτός
505 2306 639 2371 πλοότον
671 2306 726 2370 καί
746 2309 852 2392 δόξης,
885 2306 1066 2370 καταλιπόν
1098 2304 1156 2389 τὴν
1178 2305 1346 2389 ἡγεμονίαν
1365 2292 1444 2389 πρός

351 2401 406 2467 τόν
427 2402 498 2468 οἱόν
519 2403 657 2470 σοολτάν
681 2409 891 2490 Μεχεμέτην,
912 2404 967 2470 τόν
997 2403 1031 2469 ἑν-
1049 2410 1221 2493 Μαγνησόρι
1242 2407 1444 2488 διατρίβοντα

354 2501 452 2567 α’ότόν
472 2506 532 2583 μὲν
554 2507 782 2586 μετεκαλέσατο
800 2509 861 2584 ,καί
882 2502 991 2592 ἔστησε
1011 2508 1156 2587 βασιλέα,
1176 2502 1272 2578 αάτός
1291 2507 1320 2567 δ’
1341 2502 1358 2568 ό
1380 2529 1442 2567 πα.

352 2598 409 2684 τῂρ
434 2601 572 2665 σοολτάν
593 2599 772 2688 Μοαράτης
801 2604 971 2689 πορευθεός
1003 2606 1048 2678 ἐν
1066 2602 1166 2691 ταύτῃ
1200 2606 1238 2689 τῇ
1267 2607 1486 2690 Μογνησιριρρ

351 2704 406 2765 καί
425 2702 672 2789 ἀνοικοδομήσας
698 2702 856 2788 ἀνάκτορα
882 2704 950 2780 ἴδια
977 2703 1099 2783 ἰδόαζεν
1128 2700 1218 2780 ἐντός
1250 2689 1445 2768 τούτωνκαὶ
1520 2719 1521 2722 ’

349 2798 406 2884 ἔζη
426 2804 496 2882 βίον
519 2801 676 2887 εἰρηνικόν
705 2800 748 2880 τός
778 2803 910 2890 γηραιός
937 2803 1079 2890 ἔμφρων.
1135 2798 1149 2864 ό
1176 2801 1308 2866 σονλτάν
1330 2807 1443 2885 Meps-

349 3064 377 3108 et
395 3057 561 3124 perturbato,
573 3077 631 3110 cum
648 3061 933 3130 patriarcha,10sepho
945 3061 976 3111 ill
988 3062 1012 3110 ic
1025 3067 1143 3122 mortun,
1161 3060 1251 3109 nulius
1264 3066 1343 3122 esset,
1362 3074 1442 3109 nemo

352 3127 443 3189 etiam,
463 3137 575 3196 propter
594 3131 789 3182 dissensionem
814 3127 844 3184 ac
864 3132 1066 3194 confusionem,
1085 3147 1155 3200 quae
1176 3147 1230 3180 nou
1250 3127 1354 3179 modica
1375 3137 1441 3190 erat,

307 3216 310 3222 ¹
352 3197 434 3247 se'ad
456 3213 516 3247 eum
543 3199 671 3251 honorem
693 3201 803 3270 produci
821 3211 976 3272 pateretur,
994 3203 1024 3253 iu
1042 3199 1091 3251 hac
1109 3200 1314 3270 perturbatione
1333 3216 1439 3250 mause-

351 3278 422 3318 runt.
459 3265 576 3320 Nicaeae
595 3288 657 3322 vero
681 3274 799 3322 Bessario
825 3283 852 3325 et
870 3271 979 3324 Russiae
1008 3273 1118 3322 antistes
1138 3273 1235 3321 Romae
1254 3271 1438 3333 substiteraut3
1488 3297 1490 3302 a

351 3336 398 3388 ubi
417 3340 445 3388 in
464 3339 640 3392 cardinalium
660 3339 781 3392 ordinem
801 3344 920 3395 Bessario
939 3351 1082 3412 cooptatus
1096 3343 1314 3412 amplissimoque
1334 3340 1437 3392 honore

351 3412 463 3460 affectus
482 3411 653 3462 concordiam
672 3420 699 3464 et
717 3415 800 3464 otium
820 3417 959 3484 amplexus
980 3414 1100 3464 retinuit.

338 3520 341 3524 ·
367 3512 369 3519 ¹
422 3497 483 3550 Erat
502 3499 581 3568 Cpoti
599 3502 784 3568 pneumaticus
804 3504 921 3571 quidam,
942 3503 1012 3554 vitae
1029 3500 1203 3552 sanctimonia
1220 3487 1368 3569 praestans,
1386 3518 1438 3551 uo·
1489 3503 1491 3510 ⁴

349 3567 421 3618 mine
442 3569 585 3638 Gregorius
611 3572 733 3632 Mammas,
754 3575 841 3640 magni
860 3574 934 3625 ducis
964 3580 1109 3640 compatet.
1126 3603 1128 3606 -
1146 3570 1217 3634 huuc
1237 3579 1369 3640 arreptum
1389 3588 1438 3640 pa-

352 3638 494 3696 triarcham
522 3642 644 3695 fecerunt
673 3645 808 3705 invitum,
829 3661 860 3695 ac
886 3646 1046 3695 renitentem
1075 3643 1300 3694 renuntiaverunt.
1350 3641 1438 3693 sedis

332 3708 493 3761 ¹dissidium
520 3713 549 3763 in
571 3713 628 3764 dies
658 3715 763 3781 longius
792 3731 899 3785 serpere
927 3714 1036 3776 videns,
1056 3713 1334 3783 expugnationemque
1365 3714 1438 3763 urbis

352 3781 528 3847 praedicens,
556 3801 583 3835 se
601 3802 713 3841 munere
730 3784 879 3847 abdicavit,
899 3803 957 3835 curu
977 3785 1086 3856 quidem
1108 3786 1148 3834 ilii
1168 3785 1219 3854 ipsi
1240 3802 1288 3835 suo
1308 3784 1437 3852 compatri

351 3850 529 3917 praedixisset
556 3855 704 3908 filiuseius
734 3857 762 3906 in
791 3866 937 3926 conspectu
964 3858 1048 3927 ipsius
1076 3855 1110 3908 ab
1130 3850 1257 3924 A'garenis
1276 3855 1436 3906 trucidatum

351 3919 405 3986 iri3
432 3921 506 3989 quod
532 3927 615 3976 sancti
640 3929 688 3978 viri
720 3929 874 3979 vaticinium
897 3929 956 3998 ipso
984 3929 1119 3998 posterius
1146 3935 1243 3979 eventu
1277 3922 1436 3993 comproba-

352 3998 408 4040 tum
428 3992 487 4042 fuit.
555 4011 569 4030 κ

422 4074 575 4146 imperator,
593 4083 713 4147 interea,
730 4101 839 4152 magnos
867 4084 1038 4136 articulorum
1066 4085 1172 4138 dolores
1192 4081 1302 4141 habens,
1322 4076 1437 4146 graviter

351 4147 463 4200 afflictus
497 4147 682 4202 decumbebat.
716 4164 765 4206 ‘at
793 4159 914 4209 suitauus
946 4153 1071 4218 Mutata,
1108 4157 1218 4206 satiatus
1252 4159 1279 4202 et
1313 4148 1436 4217 expletus

351 4217 448 4285 opibus
479 4235 510 4268 ac
538 4219 620 4286 gioria
644 4237 909 4294 rerumgestarum,
934 4215 1044 4296 reguum
1067 4227 1123 4277 suto
1154 4217 1356 4280 Mechemetae,
1388 4219 1435 4286 qui

281 4318 284 4325 ,
351 4289 760 4356 Magnesiaecommorabatur‚
789 4292 948 4360 destinavit,
974 4298 1186 4362 accersitumque
1217 4305 1312 4359 regem·
1333 4288 1435 4340 consti-

351 4360 413 4410 tuit.
451 4361 509 4430 ipse
538 4378 601 4413 vero
620 4361 780 4428 Magnesiam
806 4371 940 4432 protectus
968 4369 1104 4436 proprium
1133 4363 1184 4416 sibi
1211 4363 1340 4432 palatium
1360 4357 1436 4410 aedi·

351 4431 452 4499 ficarit5
475 4433 503 4482 iu
530 4449 583 4502 quo
596 4446 599 4451 ⁴
613 4434 731 4501 privatus
752 4434 882 4501 placidam
909 4447 938 4490 et
959 4437 1081 4507 'quietam‘
1105 4435 1203 4497 viram,
1223 4443 1254 4487 ut
1267 4439 1347 4485 senex
1371 4447 1435 4500 pru-
