3692 5350
471 552 522 631 to
921 528 1118 629 nrsroara

470 712 506 777 is
525 714 588 777 τάν
606 712 776 794 γεγονότων
790 704 981 794 Ἀραρηυοῖν,
1003 713 1059 773 καί
1078 707 1141 772 α’τιό
1163 708 1223 771 ruis
1247 704 1346 791 ἐκτός,
1368 705 1510 789 δχθροός
1532 709 1566 771 δὲ

469 812 589 891 μόνους
618 812 693 884 τούς
720 811 911 894 κληρικοός,
944 803 994 872 ότι
1025 802 1164 893 ἤκουσαν
1187 802 1230 882 τός
1252 802 1406 885 ότιέσχιτο
1432 807 1567 889 δοθῆναι

415 942 418 946 ’
470 912 515 996 τῷ
533 914 666 989 βασιλεῖ
693 911 819 993 φλοοριά
840 911 929 989 χιλισ
952 906 1050 989 χάριν
1078 908 1134 970 τοῦ
1156 908 1421 987 πατρταρχιῦσαι.
1467 900 1568 978 οότως

470 999 527 1069 σόν
559 1009 593 1069 όν
620 1006 785 1092 σκανδάλιρ
822 999 919 1069 όντων
941 1010 1147 1087 συνήχθησαν
1176 1003 1206 1066 οἱ
1231 1001 1489 1083 Τραπεζούντιοι,
1513 1002 1568 1066 καί

429 1144 440 1151 -
469 1106 658 1182 συνάξονττς
671 1108 797 1189 φλρσρία
815 1109 907 1185 χιλιοι
927 1101 1075 1183 ἔπεμψαν
1088 1106 1131 1190 τῷ
1151 1098 1285 1184 βασιλεῖ,
1303 1096 1492 1179 άξιιόσαντες
1513 1102 1593 1170 ἴνα5

467 1202 584 1297 τισιὴση
607 1200 643 1265 όν
663 1203 834 1283 βούλονται
855 1200 1066 1284 πατριάρχην.
1122 1197 1229 1280 λαβιόν
1250 1202 1284 1265 δὲ
1307 1202 1408 1263 ταῦτα
1432 1198 1448 1263 ό
1469 1207 1567 1280 βασι-

466 1299 550 1381 λεός,
572 1306 627 1366 καί
644 1298 817 1384 καταγνούς
838 1297 897 1381 την
918 1302 1089 1380 άγνωσιάν
1109 1298 1223 1378 odaria,
1245 1292 1312 1361 εἰπε
1336 1296 1508 1380 “τισιη’σστε
1531 1298 1568 1361 όν

466 1402 576 1463 θέλετε
596 1398 807 1483 πατριάρχην,
828 1399 970 1462 ἰκιίκαὶ
989 1398 1165 1463 σκάνδαλον
1189 1395 1277 1479 ἔχετε
1290 1396 1378 1476 ,μετά
1402 1403 1460 1462 τοῦ
1479 1404 1568 1463 νῦν.”

465 1497 651 1579 ἐκβαλόντες
682 1490 739 1561 σόν
769 1496 824 1561 τόν
855 1496 966 1577 κόριον
995 1492 1134 1577 Μάρκον
1162 1492 1336 1583 ληστρικιός
1370 1494 1566 1579 άνεβίβοσαν

465 1596 522 1662 τόν
545 1600 702 1675 Συμεῶνα
726 1594 781 1661 τόν
798 1602 827 1662 T
826 1592 1060 1675 ραιιεζοόντιον.
1105 1595 1120 1657 ό
1145 1597 1179 1659 δὲ
1206 1593 1348 1676 Μάρκος,
1368 1594 1412 1679 μή
1432 1595 1517 1678 ἔχων
1535 1623 1563 1661 τι
1576 1614 1614 1665 10

465 1696 521 1758 κατ’
541 1696 672 1778 ποιησαι
700 1688 772 1758 οὔτε
805 1693 894 1776 παρά
915 1716 998 1768 τινος
1020 1689 1245 1779 βοηθοόμενος,
1273 1690 1412 1775 ἐκάθητο
1433 1692 1566 1772 ἰδιάζιον

427 1793 429 1796 ’
466 1796 522 1858 καί
542 1782 705 1873 άτριὲμενε
739 1792 888 1873 σόνοδον,
917 1794 996 1856 ἰδεῖν
1016 1790 1073 1874 τὴν
1095 1786 1218 1855 άδικίαν
1240 1793 1350 1871 adseri,
1369 1794 1424 1855 κατ’
1442 1790 1564 1877 ἔγραφε

385 1959 388 1964 ,
463 1891 520 1955 κατ’
542 1890 620 1973 πρός
642 1896 717 1967 τούς
738 1894 910 1976 α’ρχιερεῑς.
953 1887 1030 1955 ὅθεν
1054 1894 1088 1955 ἐν
1110 1892 1166 1953 σόκ
1186 1894 1280 1978 όλίγιρ
1303 1894 1404 1978 καιρῷ
1423 1895 1563 1974 συνῆλθε

465 1987 597 2065 ου’νοδος
615 1994 746 2075 μεγίστη
767 1988 913 2068 ἐξετάσαι
936 1994 1019 2081 τίνος
1039 1987 1137 2073 χάριν
1156 1989 1301 2073 όξυόσθη·’
1338 1992 1421 2069 βοοῖν
1439 1990 1501 2071 γάρ
1525 1984 1563 2073 ἦν

465 2085 507 2163 ὥς
533 2088 686 2172 ἠδίκησαν
714 2091 821 2155 ου’τόν.
866 2092 900 2153 όν
930 2082 987 2151 σόν
1016 2097 1081 2161 τοῖς
1106 2082 1310 2171 α’ρχιερεῦόιν
1340 2084 1357 2152 ό
1383 2092 1559 2152 Φιλιππου·
1573 2104 1611 2155 15

463 2188 584 2262 πόλεως
602 2187 772 2262 ’Διονύσιος
793 2187 923 2272 εόρὲθη,
946 2186 1029 2269 ἔχων
1051 2189 1162 2272 φιλιάν
1187 2186 1267 2265 μετά
1294 2190 1405 2270 κυρίας
1427 2189 1562 2267 Μαρίας

463 2288 520 2369 τῆς
541 2288 698 2369 μητρυιαῖς
721 2285 892 2352 αόθὲντου.
914 2286 970 2353 καί
981 2290 1133 2365 μαθοῦσα
1155 2282 1236 2368 αὕτη
1262 2283 1301 2349 τά
1318 2288 1480 2357 σκάνδαλα
1502 2288 1561 2348 τῶν

463 2381 523 2447 δόσ
543 2387 760 2467 πατριαρχαῖν,
793 2386 848 2449 καί
867 2381 915 2448 ότι
938 2382 966 2448 οἱ
987 2388 1041 2466 τῆς
1059 2382 1178 2461 πόλεως
1201 2386 1339 2467 ἐγένοντο
1362 2382 1517 2465 ττρασιαί,χ
1532 2380 1575 2448 u‘·

461 2486 522 2566 ριδν
545 2481 600 2547 τόν
619 2484 675 2558 ἕνα
697 2481 727 2547 οἱ
744 2487 780 2549 δὲ
797 2483 853 2548 τόν
873 2483 979 2566 ἕτερον
1000 2487 1176 2569 ζητοῦντες,
1197 2488 1379 2565 ἐμβαλοῦσα
1402 2485 1446 2557 εἰς
1467 2484 1559 2546 σιυά.

462 2607 530 2648 τιον
549 2582 710 2667 ἀργυροῦν
728 2583 878 2665 χιλιάδας
899 2585 974 2647 δόσ,
978 2584 1140 2667 χρυσόνων
1151 2584 1311 2666 ἐπορεύθη
1331 2581 1410 2663 πρός
1430 2582 1487 2646 τόν
1500 2585 1609 2655 uri-20

372 2706 376 2709 ·
461 2686 586 2768 θέντην,
628 2685 733 2751 ταῦτα
762 2685 797 2748 δὲ
829 2683 949 2758 ἰδόντος
979 2685 1094 2765 οότοῦ,
1116 2682 1196 2769 ἔφη·
1240 2687 1294 2746 “rr'
1314 2685 1427 2766 ταῦτα,
1451 2673 1478 2744 ον’
1499 2687 1559 2768 μη-

488 2936 494 2944 N
533 2859 577 2910 18,
594 2860 753 2930 φατρίαοΔ
827 2828 830 2840 Ι

462 3008 534 3056 rens,
551 3001 607 3042 turn
629 2988 838 3060 purpuratorum
857 2997 921 3063 regii
946 2997 1040 3066 palatii
1072 3005 1099 3047 et
1117 2996 1277 3063 Agarerricae
1298 2996 1396 3064 stirpis,
1415 3004 1470 3046 turn
1491 2998 1560 3049 aiio-

462 3079 521 3111 rnm
543 3071 618 3114 extra
640 3065 798 3117 viventium.
835 3067 907 3115 solos
928 3065 1047 3117 habehat
1067 3066 1232 3116 adversarios
1254 3065 1375 3116 homines
1394 3068 1559 3119 ecclesiasti-

460 3147 516 3192 cos,
535 3131 770 3199 quod‘audissent
790 3151 849 3184 eum
877 3135 1073 3203 patriarchatus
1100 3137 1286 3205 consequendi
1315 3153 1393 3187 rausa
1415 3137 1490 3187 mille
1511 3155 1559 3188 au-

461 3216 522 3250 reos
542 3202 694 3267 pollicitum
727 3219 785 3254 esse
812 3205 874 3270 regi.
912 3223 971 3255 curn
990 3206 1144 3256 huiusmodi
1169 3208 1305 3256 intereos
1325 3206 1458 3257 dissensio
1478 3217 1557 3270 esset,

461 3279 626 3321 conventum
653 3280 766 3338 egerunt
793 3273 985 3343 Trapezuntii,
1013 3278 1197 3346 collectosque
1219 3276 1293 3326 mille
1313 3293 1408 3327 aureos
1426 3279 1558 3333 miserunt

462 3343 527 3409 regi,
546 3350 669 3408 rogantes
690 3350 720 3393 ut
747 3345 924 3410 patriarcham
953 3347 1034 3414 ipsis,
1054 3348 1271 3416 quem.vellent,
1292 3357 1403 3398 crearet.
1441 3351 1557 3418 acceptis

460 3411 502 3464 hh
524 3429 578 3474 rea,
597 3411 781 3481 imprudentia
811 3416 929 3480 ipsorum
949 3416 1114 3484 improbata,
1138 3417 1206 3467 dixit
1228 3419 1328 3468 “tacite
1349 3435 1421 3476 vero,
1442 3421 1487 3486 qui
1508 3437 1558 3471 vo·
1601 3457 1606 3466 r

459 3483 503 3533 bis
530 3484 680 3553 placuerit,
710 3484 905 3552 patriarcham,
931 3486 1151 3558 quandoquidem
1180 3488 1260 3537 etiam
1286 3489 1358 3542 inter
1383 3482 1430 3538 sos
1450 3499 1477 3539 et
1497 3507 1558 3540 eum

460 3554 508 3623 qui
526 3572 599 3605 nunc
617 3554 645 3604 id
665 3556 762 3604 munus
780 3556 850 3620 gerit
864 3572 919 3607 non
938 3557 1087 3608 convenit.''
1107 3558 1148 3606 illi
1165 3573 1226 3624 ergo
1246 3560 1336 3608 Marco
1357 3559 1557 3626 improbissime

461 3626 546 3674 eiecto
572 3628 599 3676 in
626 3625 713 3675 iocum
747 3625 804 3675 eius
832 3625 983 3694 produxere
1015 3629 1226 3694 'l'rapezuutir‘rm
1256 3629 1425 3693 Symeoaeru.
1447 3631 1559 3699 ¹itaque
1593 3690 1595 3694 Ι

458 3694 575 3758 Marcus,
596 3713 647 3746 nec
665 3712 714 3764 per
733 3712 760 3744 se
774 3695 879 3747 habens
898 3697 971 3765 quod
993 3706 1092 3765 ageret,
1112 3714 1161 3748 nec
1178 3715 1193 3748 a
1210 3716 1345 3768 quoquam
1365 3699 1482 3762 atharus,
1501 3701 1556 3769 pri-

458 3773 545 3814 vatam
564 3768 644 3816 vitam
664 3765 775 3834 agebat,
797 3776 941 3833 expectans
962 3767 1070 3836 qua-udo
1095 3768 1172 3819 fieret
1195 3771 1286 3838 aliqua
1305 3767 1432 3834 synodus,
1452 3771 1479 3818 iu
1503 3787 1556 3839 qua

460 3832 493 3882 de
512 3836 610 3885 iniuria
630 3836 681 3886 sibi
703 3837 772 3886 sacta
790 3846 957 3905 quereretur.
996 3838 1085 3890 sedet
1104 3839 1137 3890 ad
1159 3857 1290 3890 sacrarum
1312 3855 1398 3888 rerum
1420 3841 1556 3891 antistites

457 3901 551 3955 literas
575 3907 660 3958 dedit.
711 3906 783 3968 hinc,
804 3924 858 3958 non
880 3907 985 3960 modico
1006 3910 1147 3978 interiecto
1170 3917 1308 3978 tempore,
1329 3909 1430 3960 sactum
1449 3917 1479 3959 ut
1499 3927 1556 3959 ma-

458 3974 528 4021 xima
550 3977 667 4038 synodus
695 3987 900 4045 congregaretur
921 3979 957 4028 ob
984 3981 1174 4049 inquirendum
1193 3983 1221 4030 in
1243 3979 1430 4046 expulsionem
1450 3981 1557 4047 ipsius,

405 4103 408 4106 ἢ
458 4056 589 4107 quaenam
619 4045 697 4096 liuius
714 4065 802 4098 »carisa
826 4057 912 4100 esset:
938 4065 992 4100 nou
1012 4051 1134 4102 cessabat
1158 4052 1228 4100 euim
1255 4051 1373 4115 ipsorum
1394 4067 1555 4117 exaggerare

458 4112 598 4161 clamitans
617 4115 737 4166 iniurias.
784 4129 847 4170 tunc
874 4121 944 4170 inter
965 4122 1108 4188 pontifices
1131 4120 1224 4170 aderat
1244 4117 1347 4184 praesui
1379 4120 1554 4188 Philippopo.

457 4179 525 4240 teos,
543 4183 652 4230 nomine
672 4186 834 4251 Dionysius,
861 4199 943 4240 notus
973 4201 1000 4240 et
1026 4195 1156 4256 gratiosus
1175 4188 1245 4254 apud
1273 4189 1407 4238 dominam
1434 4189 1555 4250 hiarium,

457 4250 557 4300 suitani
576 4268 722 4302 novercam.
772 4275 841 4323 quae
864 4279 923 4309 cum
945 4254 1093 4314 rescivisset
1112 4260 1145 4308 de
1169 4256 1281 4311 dissidio
1302 4261 1443 4327 rariusque
1464 4262 1551 4328 patri-

458 4320 569 4380 archae,
596 4320 722 4389 civesque
750 4324 891 4379 distractos
923 4347 978 4380 esse
1000 4333 1027 4379 in
1056 4331 1200 4386 factiones,
1224 4329 1281 4384 aliis
1311 4329 1374 4377 huic
1393 4330 1454 4380 aliis
1474 4331 1554 4386 alteri

431 4434 435 4444 ι
458 4390 649 4452 studentibus,
675 4394 736 4465 ipsa
752 4399 881 4453 coniectis
900 4401 929 4455 iu
947 4401 1049 4454 lauceio
1075 4405 1226 4466 argenteam
1247 4398 1353 4458 duobus
1373 4400 1483 4464 milibus
1504 4413 1552 4468 au7
