3692 5350
383 585 453 657 τοο
628 567 629 572 ‘
747 555 750 560 ’
821 589 1016 662 ntsronn

376 732 443 820 εἶχε
462 735 601 820 μεγάλην
630 741 685 802 καί
719 735 837 820 πολλην
864 742 978 822 φιλίαν
996 736 1213 819 πνευματικὴν
1229 734 1310 817 μετὰ
1337 740 1392 820 τῆς
1409 765 1470 802 κν-

349 839 449 918 ,ρίας
472 835 597 920 Μοίρας,
618 838 674 918 τῆς
693 840 849 919 μητρυιᾶς
867 841 925 900 τοῦ
944 837 1046 901 αὐτοῦ
1066 838 1262 901 σοινλτὰνοο·
1304 841 1360 900 καί
1378 840 1469 919 ἐτίμα

291 957 294 960 ·
377 939 433 1000 καί
451 933 560 1017 α’γνίνια
578 927 685 1014 sitistis,
704 934 758 998 τὸν
779 936 870 1020 κύριν
885 935 1063 1019 Διονύσιον,
1080 931 1123 1011 ὥς
1145 935 1356 1014 πνευματικὸν
1374 939 1470 1000 τιατὲ.

378 1030 1469 1120 μηῆᾳὼὴῶὠώὼὴώωψψὼώῆ

377 1137 473 1216 κυρία
496 1130 622 1217 Μοῖρα,
646 1133 700 1196 καί
720 1131 917 1216 ἐδιελογίσθη
936 1136 982 1208 εἰς
1005 1132 1060 1197 τὸν
1092 1128 1203 1197 ἑαυτὸν
1224 1159 1290 1216 της,
1309 1139 1364 1198 καί
1384 1131 1494 1204 sinent

378 1228 429 1295 dn
457 1231 496 1296 vd
522 1229 615 1313 κοίμα
642 1232 844 1317 σατριοίρχην
872 1232 989 1330 aristis,
1021 1231 1077 1296 τίν
1109 1230 1201 1314 κύριν
1220 1234 1405 1316 Διονύσιον,
1427 1231 1466 1298 να

376 1331 509 1412 λείψοον
531 1332 586 1396 καί
604 1329 634 1396 οἱ
655 1333 722 1412 δύο,
741 1335 795 1395 καί
814 1331 894 1413 μετα
907 1337 1001 1396 τοῦτο
1014 1335 1130 1396 θέλονν
1142 1338 1289 1396 ιιατίσοον
1309 1330 1348 1396 τοὶ
1372 1335 1469 1398 σκάν-

377 1439 471 1514 δαλα,
493 1435 572 1498 διότι
594 1427 665 1506 ὅλος
697 1430 713 1494 ὁ
734 1428 811 1505 λαός
836 1433 889 1513 τῆς
911 1432 1296 1514 Κωνστοντινοοττόλεως,
1317 1429 1412 1510 ἱερεῖς
1432 1455 1468 1496 τε
1527 1476 1529 1479 -

376 1535 431 1599 καί
451 1526 606 1612 κοσμικός,
626 1531 850 1614 ἐχωρίσθησαν
866 1533 911 1604 εἰς
932 1531 1001 1613 δύο,
1023 1526 1123 1594 seiri
1146 1532 1200 1594 ἕνα
1221 1532 1318 1613 μέρος
1336 1528 1469 1614 ἐζήτουν

376 1631 432 1699 τὸν
454 1628 552 1695 αὐτὸν
576 1628 669 1710 κύριν
690 1625 827 1712 Μάρκον
858 1633 912 1692 καί
930 1626 964 1693 cti
990 1621 1066 1693 ἄλλο
1095 1628 1153 1693 τὸν
1172 1626 1274 1693 αὐτὸν
1294 1631 1385 1713 κύριν
1400 1634 1467 1694 ,Σο-
1477 1643 1511 1695 10

286 1787 290 1804 .
375 1729 492 1816 μίμν’
531 1728 587 1794 καί
612 1723 687 1814 η’τον
716 1727 869 1812 σύγχυσις
895 1727 1018 1812 μεγάλη
1046 1731 1102 1794 καί
1118 1726 1242 1814 ταραχὴ
1267 1726 1321 1795 καί
1343 1731 1388 1804 είς
1409 1727 1468 1812 τήν
1516 1738 1518 1741 ’

376 1827 516 1914 μεγάλην
536 1830 701 1912 ἐκκλησίαν
732 1830 787 1892 καί
806 1830 851 1902 εἰς
870 1826 945 1902 τούς
975 1830 1135 1911 α’ρχιερεϊς
1159 1830 1215 1892 καί
1231 1828 1278 1902 εἷς
1299 1830 1372 1902 τοὺς
1393 1835 1468 1911 κλη·
1541 1854 1544 1866 ·

376 1929 491 2011 pauoris.
534 1923 553 2010 ἦ
576 1930 611 1992 δὲ
633 1928 728 2011 κυρία
749 1929 882 2011 Μαρια,
906 1927 948 2001 ὥς
968 1928 1104 2011 ἠθέλησε
1125 1924 1165 1992 ντὶ
1187 1926 1272 2014 κοὶμη
1293 1927 1348 1990 τὸν
1367 1925 1468 1990 aristis
1604 2014 1606 2019 Ι

377 2026 467 2110 κύριν
481 2024 659 2106 Διονύσιον,
679 2025 838 2090 ἐτελείωσε
858 2025 913 2088 καί
934 2024 970 2090 τί
984 2024 1103 2110 ἔργον.’
1128 2024 1183 2088 καί
1201 2023 1296 2106 ἔβαλε
1316 2028 1399 2105 μέσα
1420 2027 1466 2100 εἰς
1515 2038 1518 2041 ‘

374 2128 430 2189 ἓνα
452 2123 560 2206 raptu
571 2123 706 2208 α’ργορόν
730 2129 855 2210 φλαρία
876 2126 1025 2206 χιλιάδας
1049 2126 1120 2205 δύο,
1142 2128 1196 2188 καί
1217 2124 1256 2188 τοὶ
1282 2131 1389 2208 εἰιῆρε,
1411 2126 1466 2188 καί
1475 2142 1507 2194 15

374 2223 475 2306 ν’νιῆγε
497 2222 552 2288 καί
574 2221 786 2307 ἐντροσκύνησε
817 2225 869 2288 τὸν
899 2223 997 2288 αὐτὸν
1024 2221 1213 2303 σοολτάνον,
1234 2225 1388 2305 βαστόντα
1411 2226 1481 2288 καί-

375 2323 470 2386 uu’ui.
521 2326 575 2388 καί
603 2322 649 2396 ,οἷς
678 2321 733 2406 τὴν
762 2321 829 2388 ἴδεν
862 2322 877 2388 ὅ
901 2321 1087 2401 σονλτοὶνος,
1110 2321 1167 2405 την
1192 2320 1345 2405 ἑρώτησεν
1366 2317 1470 2387 ὅτιτί

374 2416 1466 2507 εΜωΜώΜώώώΜψἯώῶψῳς

375 2519 459 2604 acar}
482 2524 518 2586 tt
538 2523 695 2608 αἰιεκρίθη
723 2527 778 2588 καί
796 2513 883 2588 εἶπεν
900 2517 950 2587 ὅτι
979 2521 1042 2606 ἔχω
1063 2526 1136 2587 ἓναν
1166 2523 1338 2605 καλόγηρον
1360 2520 1465 2587 ἐδικόν

372 2647 463 2709 μου,
490 2626 544 2690 καί
564 2627 738 2710 παρακαλῶ
756 2623 816 2710 την
834 2624 1000 2707 βασιλείαν
1020 2649 1080 2691 σου
1112 2621 1152 2690 νοὶ
1185 2623 1242 2689 τὸν
1269 2625 1376 2706 ἐκάμω
1399 2645 1509 2700 ιτα-ενα

374 2722 538 2809 τριᾰργην.
580 2728 678 2810 τίιῆρε
699 2723 761 2810 γὰρ
785 2724 802 2789 u‘
826 2723 996 2801 σουλιάνος
1018 2725 1059 2791 τοὶ
1088 2728 1226 2812 φλαρία,
1247 2728 1303 2791 καί
1323 2727 1465 2811 ηιίχαρί-

249 2871 252 2880 ·
308 2838 357 2892 127
375 2847 467 2905 στησε
490 2826 589 2889 πολλὰ
609 2828 665 2909 τῆς
683 2832 837 2911 μητρυιᾶς
859 2845 933 2909 τον,“
950 2826 1028 2893 duod
1054 2819 1111 2893 rori
1141 2827 1239 2910 ἔκαμε
1267 2825 1384 2912 ταύτην
1406 2826 1464 2911 τὴν

375 2916 530 3010 aitqaue!
568 2926 637 2989 τότε
665 2931 723 3010 τῆς
752 2928 834 3010 λέγει
864 2926 984 3009 “κοὶμε,
1014 2931 1135 3013 μητέρα
1153 2932 1236 3010 μον,’
1252 2927 1359 2995 ἐκείνω
1381 2924 1464 2992 (inuri

373 3164 489 3216 concilio
509 3165 656 3235 Dionysius
678 3183 795 3238 qnoque,
819 3168 1039 3239 Philippopoleos
1057 3170 1176 3230 antistes,
1196 3172 1238 3221 cni
1260 3187 1355 3236 magna
1376 3165 1461 3236 gratia

373 3244 402 3289 et
419 3237 550 3309 spiritalis
582 3238 747 3293 familiaritas
778 3257 836 3289 cum
865 3240 973 3291 domina
992 3241 1092 3303 Maria,
1110 3242 1192 3310 ipsius
1218 3243 1316 3292 sullani
1336 3258 1462 3301 noverca,

373 3307 575 3373 intercedebat3
595 3325 665 3377 quae
684 3310 786 3361 honore
810 3320 837 3361 et
855 3313 965 3363 caritate
991 3316 1079 3380 ipsum
1106 3321 1136 3363 ut
1153 3330 1229 3362 sunm
1248 3314 1394 3380 spiritalem
1415 3329 1462 3380 pa-

374 3389 442 3433 trem
455 3379 677 3453 prosequebatur.
715 3399 745 3432 ea
768 3399 826 3431 cum
849 3382 883 3432 de
903 3384 1114 3453 patriarcharum
1133 3385 1306 3434 contentione
1327 3392 1354 3433 et
1375 3400 1462 3448 pugna

373 3452 533 3515 rescivisset,
554 3452 645 3520 coepit
664 3452 735 3505 intra
760 3470 787 3503 se
808 3456 924 3521 cogitare
943 3463 973 3516 ,et
992 3454 1079 3505 dicere
1100 3463 1183 3521 “age‚
1203 3454 1235 3503 ad
1255 3453 1461 3520 patriarchicum

374 3523 511 3591 fastigium
523 3523 668 3592 producam
680 3533 781 3594 patrem
791 3524 965 3591 Dionysium,
978 3532 1007 3576 ut
1025 3534 1139 3594 utroque
1159 3523 1380 3583 contendentium
1394 3525 1461 3573 eliso

374 3594 436 3645 finis
446 3594 573 3663 deinceps
585 3596 700 3646 rixarum
714 3604 741 3646 et
753 3596 974 3647 offendiculorum
986 3597 1059 3646 fiatss’
1070 3597 1207 3646 universus
1220 3600 1290 3646 enirn
1302 3596 1462 3661 Cpolitanus

375 3666 502 3734 populus,
521 3684 574 3737 qua
592 3667 744 3721 sacerdotes
754 3685 806 3737 qua
819 3667 924 3735 politici
939 3667 1069 3729 homines,
1088 3667 1115 3717 in
1129 3667 1194 3717 duas
1208 3666 1352 3716 contrarias
1366 3666 1462 3715 lactio-

375 3752 423 3787 nes
443 3736 583 3801 abierant,
603 3756 654 3789 arna
677 3747 752 3807 parte
772 3740 890 3789 Marcum
915 3746 1086 3805 reposcente,
1107 3739 1190 3788 altera
1208 3736 1467 3802 symeonemsssagi:

375 3813 459 3857 tante.
499 3810 536 3859 ita
555 3810 678 3862 confusio
697 3810 917 3879 perturbatioque
941 3811 1034 3874 ingens
1058 3818 1112 3860 tum
1134 3809 1160 3858 in
1179 3826 1300 3876 magnam
1320 3808 1463 3858 ecclesiam

307 3904 312 3907 -
378 3882 434 3926 tum
458 3877 487 3929 in
504 3880 638 3950 principes
660 3880 810 3932 sacerdotes
831 3889 888 3934 tum
907 3882 934 3930 in
954 3880 1064 3931 clericos
1085 3880 1226 3931 inciderat.
1246 3880 1352 3929 interim
1373 3879 1462 3943 regina

377 3946 472 4009 Maria,
487 3950 661 4019 'quodanimo
675 3960 835 4019 conceperat
853 3952 886 4002 de
897 3951 1026 4017 Dionysio
1047 3950 1180 4012 faciendo,
1198 3950 1226 4000 id
1247 3951 1326 4000 etiam
1348 3950 1375 3997 in
1395 3964 1462 4014 opus

378 4016 512 4084 perduxit.
530 4020 583 4072 duo
595 4040 712 4092 namque
726 4023 882 4074 ducatorum
904 4024 976 4072 milia
996 4024 1024 4073 in
1042 4022 1146 4095 lancem
1165 4029 1316 4089 argenteam
1335 4019 1462 4082 coniecit,

378 4103 438 4136 cum
456 4086 498 4139 his
517 4090 694 4157 adsultanum
715 4096 842 4153 accessit,
861 4091 922 4145 eum
932 4093 1072 4155 adoravit,
1090 4111 1181 4159 aurum
1199 4091 1322 4142 manibus
1343 4097 1462 4155 portans.

378 4173 458 4227 qnam
478 4166 508 4209 nt
525 4160 660 4223 illeeidit,
679 4166 853 4229 interrogavit
870 4182 927 4221 eam
947 4164 1033 4233 “quid
1051 4164 1111 4222 sibi,
1131 4180 1188 4213 mea
1202 4170 1294 4221 mater,
1315 4159 1386 4211 istud
1406 4160 1462 4208 anri

378 4244 438 4278 cnm
459 4238 584 4297 argentea
603 4234 679 4284 lance
702 4236 792 4286 vult?''
829 4237 970 4304 respondit
989 4234 1056 4285 haee
1080 4233 1184 4283 “habeo
1206 4232 1339 4298 qtrendam
1365 4246 1463 4281 mona-

378 4296 458 4349 chum
477 4299 543 4351 mihi
560 4304 707 4369 proprium,
727 4322 816 4374 quem,
836 4324 945 4375 quaeso,
963 4305 1029 4356 mihi
1048 4322 1096 4373 per
1107 4304 1271 4353 maiestatem
1290 4310 1363 4352 tuam
1382 4302 1464 4351 liceat

379 4372 467 4426 facere
486 4371 687 4441 patriarcham.'’
731 4376 835 4443 accepit
855 4378 977 4427 sullanus
996 4371 1102 4439 aurum5
1126 4389 1233 4439 magnas
1250 4376 1346 4441 gratias
1365 4387 1463 4423 nover-

322 4468 328 4475 ·
378 4458 427 4495 cae
444 4459 509 4495 suae
531 4442 602 4511 egit,
633 4460 703 4513 quae
722 4452 824 4497 tantam
844 4446 895 4516 ipsi
913 4447 1092 4504 accessionem
1111 4444 1221 4497 lecerat.
1265 4453 1329 4496 tunc
1349 4443 1374 4495 ei
1395 4441 1462 4492 dicit
