3692 5350
401 567 491 662 aaa
665 553 667 558 ’
782 575 837 638 ns
867 573 997 638 asans
1015 565 1145 638 ‘seras

398 739 463 806 sair
484 736 688 804 ’ἰωαννίνων·
732 726 799 817 εἰχε
823 732 884 818 γάρ
909 734 964 801 ἐπί
989 738 1035 821 τῷ
1056 737 1115 799 aori
1135 730 1317 800 οἰποοτάτου
1343 736 1430 823 κακήί
1451 737 1507 800 λε’-
1552 755 1559 776 ’

398 862 463 922 γειν
484 835 627 903 “ἐσωθεν
647 834 779 919 τρόμος,
808 833 924 914 ἔξωθεν
954 835 1085 922 ρόβος,”
1110 841 1159 922 πή
1177 838 1236 917 μέν
1259 837 1316 899 τοῦ
1336 838 1504 920 τυράννου,

399 942 444 1028 πή
465 941 501 1004 δέ
522 942 584 1006 ταῖν
612 939 815 1019 Ἀλβανιτάν.
859 931 896 1001 ori
924 937 1004 1002 πολύ
1038 936 1098 1028 γάρ
1127 937 1162 1001 τά
1195 941 1230 1001 ἐν
1257 939 1345 1025 με’σηι
1368 940 1504 1021 ἐγένετο,

399 1041 453 1104 καί
474 1037 504 1105 οἰ
522 1038 705 1122 Ἀλβανῖται
737 1043 803 1104 κατ’
833 1039 935 1103 αἰτοῦ
964 1035 1221 1121 ἐκστρατεάορσι,
1249 1039 1304 1102 καί
1325 1044 1505 1122 πολιορκεῖν
1533 1057 1536 1060 ’

397 1140 454 1225 τήν
475 1139 566 1204 πόλιν
596 1140 790 1222 ἐγείρονται,
811 1131 866 1204 καί
884 1138 1001 1222 χρόνον
1019 1137 1100 1221 πρὸς
1127 1135 1242 1228 χρόνον
1263 1135 1548 1224 ἰχνηλατυῦντες5’

400 1243 457 1305 οἰκ
480 1244 575 1308 ἐῶσιν
595 1239 697 1322 αἰτήν
715 1238 893 1328 ἐσοδιάζειν
913 1239 1048 1324 χρόνους
1070 1248 1165 1322 τρεῖς.
1187 1237 1205 1302 o‘
1226 1242 1262 1304 δὲ
1285 1240 1405 1320 Θωμᾶς
1426 1242 1505 1324 α’λη-

399 1346 469 1418 aaa
487 1339 570 1426 ἔχων
598 1339 634 1405 τέ
664 1335 914 1424 ἑρμηνευόμενον
945 1342 1047 1406 αἰτοῦ
1070 1333 1191 1424 ὄνομα,
1223 1345 1255 1406 ἐν
1276 1336 1379 1429 ἐαυτῷ
1402 1336 1505 1417 οὕτως

399 1439 484 1525 ἔχειν
507 1444 686 1525 ἐπεχείρει·
741 1444 775 1506 ἐν
794 1444 853 1520 μὲν
874 1445 917 1529 τῷ
941 1438 1064 1529 κάστρῳ
1092 1439 1148 1506 τὸν
1169 1438 1252 1505 λαὸν
1266 1443 1367 1506 πάντα
1388 1442 1504 1527 ἐμίσει,

399 1543 479 1625 πρὸς
508 1535 543 1609 δέ
572 1541 646 1618 τοὺς
676 1539 737 1622 ἐξω
769 1542 824 1608 καί
856 1545 985 1628 aaronis
1016 1541 1155 1627 ἐχθρούς
1187 1545 1348 1617 παντελῶς
1378 1543 1505 1628 εἰρήνην

401 1648 457 1710 οἰκ
478 1639 572 1729 εἶχεν.
943 1689 947 1701 ,
1427 1730 1430 1732 v
1514 1638 1545 1690 ¹⁰

492 1739 556 1811 Ἔτι
582 1748 617 1811 δέ
640 1749 695 1811 καί
709 1745 745 1822 ‚o‘
766 1750 893 1842 Πέτρος
915 1744 1054 1822 Λεαίσας
1081 1750 1147 1813 κατ’
1180 1750 1281 1813 nitori
1300 1747 1503 1832 ἐκστρατεάει

400 1843 536 1929 χρόνους
559 1855 640 1932 τρεῖς
661 1845 741 1930 μετά
763 1851 826 1912 τῶν
848 1848 1073 1931 Μαζαρακίων
1103 1853 1159 1914 καί
1181 1853 1427 1915 Μαλακασαίων
1448 1850 1504 1932 τῆς

399 1951 508 2032 γενεαῖς
530 1951 639 2019 αἰτοῦ.
683 1943 749 2014 εἰτα
771 1951 816 2026 εἰς
847 1947 972 2032 οἰγοίπην
993 1954 1209 2032 συνίστανται,
1231 1954 1287 2015 καί
1307 1950 1366 2035 τήν
1385 1943 1504 2016 ἑαυτοῦ

401 2052 564 2132 θυγατέρα
595 2048 733 2134 Εἰρήνην
762 2048 777 2113 ὁ
815 2037 935 2131 Θωμᾶς
968 2054 1013 2137 τῷ
1042 2048 1102 2140 cingi
1132 2053 1189 2117 reri
1212 2052 1343 2135 Πέιρου
1372 2050 1503 2136 Λεαίσα,

396 2144 525 2236 Ἰωάννῃ
547 2143 698 2231 τοῦνομα,
716 2150 937 2244 μνηστεύεται,
960 2149 1016 2214 καί
1041 2154 1087 2227 εἰς
1109 2150 1245 2236 γαλήνην
1263 2149 1382 2236 μικράν
1405 2151 1425 2234 ή
1448 2150 1543 2213 rso-15

401 2252 450 2323 λις
482 2252 550 2328 Ὶτῶν
575 2249 760 2318 Ἰωοννίνων
799 2256 916 2335 γίνεται
954 2250 1016 2315 riuti
1057 2253 1120 2316 ταῖν
1150 2252 1362 2334 Ἂλβανιτοόν,
1397 2249 1503 2339 χρόνῳ

401 2351 542 2441 πέμπτῳ.
674 2439 675 2444 ¹
1078 2354 1085 2360 ’

499 2451 617 2519 Ἀλλ’-ὃ
641 2457 760 2536 Θωμᾶς
777 2453 904 2539 εἰρήνην
926 2459 999 2520 ποτὲ
1021 2457 1078 2518 οἰκ
1099 2447 1192 2537 εἶχεν,
1218 2445 1297 2519 α’λλά
1319 2456 1423 2528 κακῶς
1445 2452 1503 2537 τήν

391 2553 492 2619 ’πόλιν
512 2552 645 2620 πάντοτε
665 2556 838 2642 ἐτυράννει,
859 2560 915 2621 καί
928 2555 1002 2632 τοίς
1024 2558 1210 2637 Ἀλβανίτας
1232 2555 1356 2633 ἐκάκιζε
1379 2558 1438 2619 κοίν
1459 2557 1504 2642 τῷ

318 2737 322 2743 ⁶
400 2651 532 2737 ὕστερον
555 2659 714 2733 παντελῶς
736 2658 895 2741 ἐκάκωσε,
926 2661 982 2722 καί
1009 2657 1268 2741 παντοιοτρόπως
1295 2654 1412 2732 αἰτοίς
1434 2657 1545 2739 iio-20

401 2750 513 2841 φάνιζε
535 2762 590 2823 καί
623 2761 890 2843 κατεξωλάθρευε·
942 2761 999 2843 τήν
1031 2756 1122 2821 πόλιν
1151 2755 1212 2840 γάρ
1244 2750 1319 2840 ἰίλην
1340 2754 1504 2840 ἐπλήρωσε

400 2858 461 2919 τῶν
481 2856 674 2939 Ἀλβανιτοίν
702 2856 741 2922 τά
761 2861 851 2922 τέκνα
881 2859 1000 2939 ἐιμίδας
1021 2852 1122 2945 ἐαυτῷ
1144 2859 1408 2940 παρατιθέμενος.
1451 2857 1506 2917 καί

358 3038 360 3043 Α
402 2953 549 3041 φυλακάς
571 2958 605 3021 δέ
625 2961 680 3023 καί
700 2956 820 3042 κλωβία
841 2961 939 3034 αἰτάς
963 2962 1128 3039 ἐδείματο,
1152 2956 1206 3022 καί
1226 2955 1404 3042 παλιουρήν
1428 2951 1504 3038 α’νή-

993 3196 1010 3219 A

402 3248 487 3300 malis.
500 3263 549 3317 per
572 3246 731 3315 sacrilegum
751 3248 874 3299 excitatis
903 3246 974 3312 dici3
1001 3245 1071 3297 intra
1092 3253 1195 3308 terror,
1214 3253 1288 3297 extra
1307 3245 1502 3307 consternatio,

402 3320 460 3371 ittic
479 3328 590 3389 propter
609 3328 776 3386 tyrannunr,-
796 3321 839 3370 hic
859 3327 970 3389 propter
990 3317 1149 3382 Albanitas5
1179 3333 1270 3387 neque
1292 3317 1362 3367 enim
1383 3316 1501 3367 multum

402 3392 660 3460 interfuit·tempus
693 3409 752 3442 cum
781 3392 923 3442 Albanitae
949 3397 1042 3440 contra
1072 3405 1133 3439 eum
1152 3389 1402 3458 proficiscerentur,
1422 3396 1450 3439 et
1468 3386 1503 3438 ad

404 3463 496 3517 urbem
518 3462 726 3533 oppugnandam
747 3480 805 3515 sese
826 3464 1009 3527 accingerent,
1028 3468 1055 3511 ct
1082 3462 1154 3511 omni
1174 3468 1297 3529 tempore
1316 3466 1421 3510 attente
1440 3475 1502 3509 ver·

402 3544 493 3587 santes
514 3543 663 3586 commeatu
685 3552 742 3586 sam
765 3533 952 3585 intercludunt
970 3549 1019 3601 per
1038 3540 1092 3583 tres
1111 3548 1205 3582 annos.
1243 3531 1289 3582 sed
1309 3530 1436 3590 Thomas,
1457 3530 1503 3599 qui

401 3620 501 3659 nomen
531 3624 607 3657 sunm
639 3607 802 3675 explicatum
825 3608 882 3657 iure
904 3604 1036 3665 habebat,
1064 3603 1145 3654 talem
1175 3618 1203 3652 se
1222 3618 1323 3669 ‚gerere
1344 3600 1503 3665 conabatur,

402 3680 430 3730 in
452 3686 540 3730 castro
558 3677 680 3728 homines
701 3692 792 3728 omnes
820 3677 932 3736 oderat,
951 3693 1011 3725 cnm
1032 3674 1131 3725 exteris
1151 3681 1251 3735 ausen,
1272 3674 1319 3744 qui
1340 3690 1430 3724 revera
1443 3672 1504 3740 xho-

403 3760 457 3815 stes
479 3747 563 3813 crant,
585 3749 697 3801 omuino
715 3765 808 3818 pacem
827 3767 882 3800 non
902 3747 975 3798 iniit.
1310 3743 1312 3750 '

500 3840 554 3889 iarn
582 3846 671 3889 sutem
702 3838 781 3889 etiam
810 3838 903 3889 Petrus
928 3837 1025 3887 [εοεαε
1051 3851 1100 3904 per
1131 3842 1183 3887 tres
1212 3850 1297 3885 annos
1329 3851 1387 3885 cuna
1412 3835 1530 3885 Maza-‘

402 3905 482 3961 ratiis
502 3918 529 3960 et
545 3909 726 3969 Malacasaeis‚
746 3909 792 3978 qui
812 3917 889 3960 erant
917 3924 950 3958 ex
970 3911 1050 3976 gente
1069 3906 1142 3968 cius,
1162 3914 1255 3957 contra
1275 3922 1336 3956 eum
1355 3904 1503 3974 proficisci-

402 3987 454 4042 tur,
474 3979 573 4031 deinde
593 3980 632 4031 ad'
647 3980 791 4031 amicitiara
810 3996 839 4030 se
859 3987 1038 4048 componunt,
1065 3986 1092 4029 et
1113 3974 1210 4028 irenen
1229 3977 1313 4028 filiam
1333 3994 1405 4027 ruam
1425 3978 1503 4028 Tho-

401 4067 456 4102 mas
476 4050 532 4101 silio
554 4050 626 4102 Petri
646 4052 754 4113 Laesae,
779 4052 889 4102 nomine
908 4050 981 4101 dicto
1000 4049 1105 4110 loanni,
1125 4057 1238 4117 nuptum
1261 4048 1331 4110 dat,
1349 4056 1376 4098 ct
1397 4046 1431 4097 acl
1455 4065 1504 4117 pa·

403 4137 460 4171 cem
480 4120 588 4172 brevem
610 4122 673 4173 urbs
692 4122 824 4174 Ioannina
847 4122 970 4190 pervenit
990 4138 1038 4192 per
1058 4121 1211 4182 Albauitas,
1231 4137 1303 4171 anno
1323 4120 1430 4188 quinto.

503 4190 556 4241 Sscl
580 4191 698 4245 Thomas
726 4210 820 4262 pacem
849 4210 988 4263 nunquam
1013 4191 1166 4256 retinebat,
1193 4191 1241 4242 sed
1274 4189 1367 4241 urbem
1396 4206 1504 4259 semper

401 4260 472 4313 male
493 4262 636 4327 cruciabat,
656 4275 683 4315 st
702 4265 841 4317 Albanitas
860 4265 992 4331 vexabat,
1013 4274 1041 4316 et
1064 4273 1159 4333 postea
1178 4263 1289 4314 omniuo
1309 4262 1380 4313 male
1403 4270 1503 4312 tracta-

401 4334 449 4399 rit,
469 4340 497 4384 et
518 4334 589 4383 omni
609 4334 689 4386 modo
705 4353 749 4387 cos
770 4337 959 4404 exstinguebat
978 4344 1006 4387 et
1026 4335 1195 4387 devastabat:
1215 4333 1307 4385 urbem
1327 4334 1399 4384 enim
1417 4341 1504 4386 totam

401 4406 544 4474 implevit,
562 4406 726 4475 imponendo
746 4408 931 4458 Albanitarum
957 4407 1067 4468 liberos,
1086 4415 1117 4459 ut
1133 4406 1186 4458 sibi
1204 4415 1294 4456 essent
1312 4404 1440 4466 obsides,
1462 4412 1505 4455 at·

344 4540 346 4545 ¹
403 4492 458 4555 qne
470 4492 588 4531 carceres
607 4485 634 4530 et
651 4474 776 4531 barathra
789 4478 957 4549 aedificavit,
978 4488 1006 4532 et
1018 4494 1149 4534 carcerem
1169 4484 1330 4569 perpetuum
1350 4476 1503 4544 revocarit5
