3692 5350
641 553 644 557 ‘
726 563 1011 634 murmurosi
1040 568 1095 685 tv.
1378 522 1452 607 249

457 726 552 798 Μετύ
568 719 611 797 'tt
624 726 742 803 πολλύς
760 726 900 809 οἷταξιας,
921 723 980 800 τὰς
999 725 1110 801 ὁποίας
1127 721 1299 809 μεθύοντες
1321 720 1374 789 καί
1393 720 1455 787 olari

355 833 434 920 μιάν
446 838 491 909 είς
511 824 609 917 ιῖλληυ
623 826 732 913 χώραν
753 831 967 911 διαβαίνοντες
989 824 1120 909 ἔκαμον,
1141 831 1218 908 μιάν
1238 826 1361 910 ἡμέραν
1380 849 1459 891 συν-

328 936 580 1020 .αθρο”ισθε’ντες
612 926 680 996 ὅλοι
711 932 867 995 ἐπέπεσαν
896 926 1018 1012 ἑξαφνα
1041 924 1118 992 κατύ
1144 930 1201 1011 τῆς
1227 929 1458 1009 Τουρκομρανί·
1509 989 1511 993 .

359 1040 413 1121 ζης
435 1033 721 1118 καίΖαραβούσης,
743 1032 870 1114 χωρίων
892 1025 934 1105 ιύς
956 1022 1057 1093 δύο
1032 1054 1118 1113 ωρυς
1139 1027 1265 1112 μακρὰν
1285 1030 1341 1091 τού
1361 1050 1458 1129 προρ-

234 1158 242 1171 ·
333 1139 510 1222 5ρηθέντος
542 1135 757 1217 μοναστηρίου
779 1135 955 1213 κειμένων,
976 1130 1031 1196 καί
1056 1122 1200 1215 εύρύντες
1219 1154 1292 1204 τους
1315 1132 1383 1195 ε’κεῖ
1401 1154 1459 1193 κα-

298 1286 306 1292 „
347 1238 541 1315 ,τοικούντας
566 1231 767 1317 Τούρκους’
747 1236 940 1315 αμερίμνους
969 1229 1044 1305 τούς
1065 1224 1267 1316 κατέσφαξαν
1290 1224 1383 1305 ὅλους
1404 1227 1460 1293 καί
1496 1268 1497 1271 =
1550 1248 1552 1256 '

360 1335 400 1403 τύ
421 1337 527 1419 χωρία
548 1335 729 1419 ἐρήμωσαν.

450 1430 600 1519 Επειτα,
634 1440 692 1500 τοῦ
720 1434 819 1499 αὐτοῦ
854 1432 945 1509 ἔτους
974 1431 1034 1517 τῆν
1066 1431 1199 1519 δεκάτην
1229 1437 1458 1516 Σεπτεμβρίου,

360 1538 594 1624 ἐκστροίτευσαν
626 1536 707 1618 μετύ
739 1539 799 1600 τού
822 1535 968 1621 α’ρχηγου
998 1556 1064 1603 των
1085 1533 1261 1619 καλογήρου
1282 1532 1339 1617 τήν,
1360 1535 1458 1625 νύκτα

316 1636 440 1719 ’ςρκατύ
466 1640 527 1704 ταῖν
546 1636 747 1717 ’ίωαννίνων,
778 1635 833 1700 καί
860 1634 1053 1711 εἰσελθόντες
1083 1632 1202 1719 ciceris
1230 1634 1321 1699 πόλιν
1343 1631 1459 1717 ἔβαλαν

360 1738 462 1815 εύθύς
485 1740 610 1825 φωτιάν
646 1739 692 1816 εἰς
720 1736 777 1822 τήν
809 1740 868 1802 τοῦ
888 1733 960 1801 τότε
992 1739 1080 1801 πασιῖ
1104 1733 1268 1817 Ἀσουμύν
1291 1740 1460 1817 κατοικίαν,

296 1882 308 1892 -
360 1843 416 1906 καί
434 1837 573 1907 ἔκαυσαν
593 1835 728 1913 πολλούς
742 1835 933 1922 ἀνθρώπους
953 1841 1009 1903 καί
1029 1836 1081 1903 τὸν
1093 1837 1259 1921 βασιλικὸν
1279 1834 1458 1922 θησαυρόν·

362 1937 378 2005 ri
401 1943 437 2007 δὲ
460 1944 564 2015 ποσοῖς
585 1942 627 2021 μὲ
647 1965 704 2035 την
720 1938 854 2060 μυναικμί
875 1962 930 2005 του
953 1940 1193 2025 πηδήσαντες’
1171 1937 1231 2003 aad
1257 1936 1289 2004 τύ
1313 1936 1461 2020 παράθο-

360 2066 416 2128 ρον
437 2040 555 2128 ἔφυγον
575 2030 691 2125 γυμνοί
719 2040 777 2126 τὴν
798 2042 910 2126 νύκτα,
934 2044 990 2107 καί
1012 2040 1188 2128 ἐσώθησαν.
1231 2036 1265 2105 τύ
1289 2042 1323 2107 δὲ
1348 2033 1462 2109 ἄθλιον

318 2148 377 2212 15
361 2152 460 2210 εκεινο
481 2142 545 2210 τῶν
558 2168 721 2227 γεωργων
725 2168 778 2208 και
773 2142 917 2230 βοσκων
931 2142 1112 2228 στράτευμα
1132 2146 1173 2225 μὲ
1194 2166 1247 2208 τον
1263 2145 1461 2226 ψευδαστρο·

360 2246 451 2328 λόγου
473 2246 645 2330 στρατηγόν
665 2268 719 2310 του
741 2242 912 2332 ἒφαύνοζαν
932 2244 966 2311 τὸ
983 2243 1072 2330 κύριε
1088 2248 1228 2331 ἐλέησον,
1252 2248 1306 2309 καί
1325 2242 1460 2335 χαρύτζι

358 2336 643 2430 χαρατζόπουλον,
671 2348 726 2411 καί
755 2348 909 2426 α’ναζοῦλι
944 2345 1236 2429 οἷναζουλόπουλον,
1260 2344 1464 2427 αἰνιττόμενοι

360 2444 416 2512 τὸν
437 2447 505 2513 νέον
529 2445 636 2532 φόρον,
656 2445 710 2512 τὸν
732 2442 840 2510 <iunior
855 2437 905 2529 ύχι
928 2443 989 2531 πρὸ
1009 2449 1134 2510 πολλῶν
1156 2447 1282 2532 ἡμερῶν
1305 2442 1335 2510 oi
1358 2448 1483 2531 Torip-.
1570 2482 1575 2489 ·

294 2563 299 2567 ’
361 2572 410 2612 κοι
433 2541 525 2632 εἶχαν
546 2547 700 2630 ἐπιβάλοι.
756 2538 847 2611 οὗτοι
878 2550 913 2612 δὲ
935 2544 1128 2639 α’κούσαντες
1157 2545 1193 2610 τύ
1216 2545 1305 2631 κύριε
1327 2548 1464 2631 ἐλέησον,

317 2651 536 2737 tddyradproov
560 2641 607 2714 ὅτι
629 2641 729 2734 ἦλθον
750 2652 815 2731 κατ’
839 2649 954 2714 adenis
965 2670 994 2713 οι
985 2646 1206 2732 Χριστιανοί,
1228 2672 1280 2714 και
1276 2643 1464 2732 παρευθύς

363 2749 503 2835 εδραμυν
526 2738 633 2816 ύλοι”
613 2756 746 2838 aperirent
768 2775 820 2815 και
816 2750 974 2822 δυνατὰ
990 2749 1231 2835 οἱρματωμίνοι,
1254 2775 1306 2816 και
1302 2748 1463 2836 τρέψαν-

314 2839 317 2849 ’
362 2873 413 2927 τες
433 2850 560 2938 αύτούς
591 2852 648 2927 εις
667 2851 772 2938 φυγὴν
794 2848 931 2928 εύκόλως
964 2877 1014 2929 ως
1039 2851 1152 2930 πεζούς
1181 2855 1236 2920 καί
1258 2841 1302 2938 μὴ
1336 2833 1477 2934 ἔχοντας

464 3164 526 3218 Post
544 3164 644 3217 multas
661 3163 771 3228 turbas,
798 3180 865 3234 quas
888 3164 957 3217 ebrii
977 3172 1056 3217 etex
1075 3165 1177 3219 aliam
1198 3165 1279 3219 iliam
1306 3168 1463 3238 transgressi
1493 3147 1498 3162 ¹

365 3234 459 3289 urbem
480 3237 673 3299 excitaverunt,
692 3237 787 3306 aliquo
809 3237 854 3288 die
873 3252 966 3290 omnes
986 3239 1148 3307 congregati,
1169 3237 1259 3291 subito
1280 3241 1384 3307 agressi
1399 3247 1463 3290 eunt

363 3308 588 3374 Turoogranizam
607 3317 635 3360 et
655 3308 835 3372 Zaraboearn,
864 3325 934 3380 quae
959 3308 1085 3360 horarum
1104 3311 1191 3380 epatio
1213 3309 1325 3361 derorum
1345 3327 1359 3360 a
1380 3327 1462 3380 supra

363 3389 583 3432 commemorato
590 3381 752 3432 monasterio
771 3380 893 3444 aberant,
913 3387 941 3432 et
961 3381 1035 3431 nacti
1047 3381 1157 3442 ancas,
1173 3399 1220 3452 qur
1213 3382 1272 3433 'ibi
1289 3380 1461 3445 habitabant,

363 3452 542 3522 imperantes,
562 3468 655 3504 omnes
675 3461 816 3515 necarunt,
839 3460 867 3504 et
888 3453 948 3504 loca
967 3451 1180 3506 devastaverunt
1462 3495 1464 3499 ,

465 3539 576 3603 Deinde,
596 3539 691 3592 eodem
713 3558 784 3592 anno
803 3540 909 3592 mensis
922 3540 1090 3611 Septembris
1110 3540 1155 3592 die
1177 3539 1291 3604 decimo,
1313 3558 1372 3592 cum
1392 3540 1461 3593 duce
1498 3556 1501 3564 ·

363 3627 413 3665 suo
432 3611 564 3663 monacho
584 3621 665 3679 nocte
683 3622 778 3669 contra
798 3614 955 3663 loanninam
967 3613 1164 3682 proiectisont,
1187 3621 1216 3663 et
1234 3612 1328 3664 urbem
1347 3614 1461 3679 ingresei
1509 3613 1515 3616 ’

363 3685 454 3736 statim
473 3684 649 3736 coniecerunt
669 3685 757 3754 ignem
780 3684 809 3736 in
828 3683 936 3735 domum
948 3685 1096 3746 Asumania
1115 3685 1160 3752 qui
1182 3691 1238 3736 tum
1260 3692 1317 3735 erat
1336 3683 1460 3736 dominus

327 3795 330 3801 .
362 3754 498 3826 (‚paseba)
518 3764 545 3807 et
564 3756 687 3807 homines
707 3757 806 3808 multos
825 3763 853 3806 et
871 3754 1028 3816 thesaurum
1050 3757 1151 3822 regium
1171 3755 1391 3822 combusserunt5
1413 3773 1462 3825 pa-

364 3827 427 3880 scha
449 3835 540 3879 autem
558 3836 586 3879 et
608 3844 675 3878 uxor
693 3830 750 3878 eius
770 3844 784 3878 e
806 3827 910 3896 postico
936 3843 994 3878 sese
1011 3830 1220 3912 proripuerunt,
1248 3835 1276 3878 et
1295 3827 1360 3878 nudi
1380 3837 1461 3880 nocte
1487 3837 1491 3844 “

364 3899 544 3968 aufugerunt,
571 3906 599 3950 et
616 3901 714 3951 servati
736 3906 806 3951 sunt.
843 3900 926 3950 miser
945 3906 1035 3952 antem
1056 3899 1103 3950 ille
1123 3898 1304 3966 agricolarum
1321 3905 1349 3951 et
1367 3909 1461 3968 pesto-

365 3989 422 4022 rnm
442 3971 575 4023 exercitus
594 3987 661 4022 curn
673 3971 742 4021 duce
762 3964 896 4038 astrologo
910 3971 1103 4034 exclamarunt,
1122 3968 1197 4036 kyrie
1209 3968 1317 4022 eleeeon
1338 3969 1462 4038 (domiue

364 4044 491 4093 miserare
509 4049 572 4117 nos)
594 4050 621 4093 et
639 4042 720 4094 breve
743 4041 866 4092 Cbaratzi
887 4050 914 4094 et
933 4043 1055 4107 rinaeuli,
1074 4041 1255 4126 significantes
1275 4041 1390 4108 vectigal
1411 4059 1462 4094 ao·

365 4131 443 4176 vum,
470 4112 571 4184 quod
570 4129 625 4164 non
648 4114 739 4164 multie
758 4111 853 4164 diebus
871 4121 934 4164 onte
955 4114 1061 4165 'Furcae
1080 4112 1285 4184 imperaverant.
1323 4111 1351 4163 hi
1371 4123 1462 4166 autem

366 4202 425 4240 cnm
445 4185 571 4236 audirent
588 4183 658 4234 illud
677 4183 752 4252 lyrie
764 4183 883 4248 eleeson,
902 4185 1107 4250 intellexerunt,
1125 4184 1291 4236 Christianos
1302 4202 1329 4236 ee
1343 4187 1465 4253 aggredi,

274 4254 279 4270 ¹
366 4258 513 4328 statimque
532 4271 624 4306 omnes
643 4256 820 4306 adcurrerent
840 4258 915 4326 equis
939 4257 1039 4309 sublati
1068 4266 1095 4308 et
1122 4274 1202 4328 quam
1221 4257 1338 4308 maxime
1356 4259 1459 4318 armati,

366 4337 394 4378 et
415 4338 559 4412 postquam
583 4343 629 4378 eos
652 4329 682 4379 in
708 4327 798 4394 sugam
827 4326 906 4378 facile
926 4337 1085 4390 verterunt,¹
1109 4329 1213 4399 pedites
1240 4345 1329 4398 neque
1354 4327 1461 4380 bellicis

307 4442 309 4445 .
366 4401 447 4451 ermis
463 4399 593 4469 indutos,
605 4400 705 4451 multos
728 4399 926 4451 interfecerunt
945 4418 999 4453 non
1019 4367 1105 4453 soltim
1126 4400 1231 4463 hostes,
1252 4399 1299 4454 sed
1317 4401 1397 4451 etiam
1415 4400 1466 4449 in-.

280 4495 283 4498 ⁴
365 4478 510 4548 αοοεμῑει,
532 4472 611 4543 quia,
629 4488 688 4525 eum
710 4469 844 4524 dominica
866 4471 1119 4545 subsequeretur,
1112 4489 1140 4530 to
1157 4475 1201 4528 via
1221 4487 1268 4527 eos
1286 4478 1459 4543 exceperunt,
