3692 5350
754 532 998 629 'nosmet
1161 640 1164 647 Δ
1404 546 1451 623 41

354 715 449 794 aap;”
471 711 490 793 ἦ
513 713 549 774 δὲ
568 706 641 793 ’ἔφη
669 708 818 786 “σ“ξίιοσιν
840 708 905 791 ἔχον
933 711 1067 791 ποιῆσαί
1086 729 1137 771 σοι
1158 707 1234 789 περί
1252 729 1335 783 τινος
1356 712 1450 770 salu·

354 808 453 893 γὴρου
478 809 571 889 ἐμοῦ,
594 802 838 894 δπιοςιισριόσης
860 802 1182 888 αδτόνπατριόρχην.
1225 805 1280 869 καί
1300 804 1358 869 δόσ
1381 807 1452 867 δια-

354 909 540 992 φερομένων
560 902 576 971 ό
595 909 699 988 τρίτος
726 906 891 988 γενήσεται
922 907 1075 985 πρῶτος.”
1128 900 1211 984 ἄρας
1240 898 1298 968 οόν
1322 904 1338 966 ό
1359 908 1452 984 βασι.
1522 937 1529 947 -

286 1078 295 1088 ·
353 1008 429 1079 λεός
452 1006 491 1069 τό
517 1008 644 1089 φλυαρία
663 1002 726 1088 ἔφη
748 1006 950 1086 “εν’χαριστοό
970 1027 1038 1067 σοι·
1091 1005 1184 1084 ποίει,
1204 1004 1315 1084 μῆτερ,
1334 1000 1352 1064 δ
1374 1000 1450 1085 βοός

327 1108 432 1166 5λει.”
471 1108 527 1167 καί
557 1098 657 1178 οὕτως
678 1105 874 1186 α’νεβιβόσθη
902 1105 948 1177 είς
967 1100 1021 1165 τόν
1042 1099 1275 1183 πατριαρχικόν
1294 1102 1411 1186 θρόνον
1433 1098 1494 1179 όῖδ
1521 1142 1524 1149 2

352 1202 461 1283 κύριος
480 1200 650 1276 Διονύσιος
673 1205 796 1288 όρισμρῖ
824 1207 882 1267 τοῦ
910 1204 1106 1284 κρατοῦντος.
1158 1193 1236 1263 «issa
1266 1199 1282 1274 ὁ
1306 1208 1365 1280 μὲν
1385 1204 1451 1263 Συ·
1537 1192 1544 1199 ’

352 1299 440 1380 μεών
460 1300 662 1384 ἀνεχώρησεν
682 1303 716 1364 ἐν
736 1305 775 1387 τῇ
793 1305 875 1387 μονῇ
907 1304 963 1363 τοῦ
985 1297 1192 1382 Στενιμόχου,
1217 1295 1234 1361 ό
1256 1302 1290 1362 δὲ
1316 1300 1452 1393 Μόρκος
1479 1334 1482 1339 ·

353 1395 450 1477 ἔλαβε
482 1397 539 1480 την
566 1397 819 1481 α’ρχιεπισκοπην
847 1399 1002 1481 Ἀχρίδου
1037 1400 1092 1461 καί
1114 1395 1220 1478 όλίγον
1243 1392 1364 1478 βιώσας
1384 1400 1451 1461 ε’τε·

352 1496 514 1578 λεότησεν.
702 1515 709 1523 “
821 1550 833 1559 ,

309 1601 344 1654 10
431 1590 468 1657 ‘0
489 1598 524 1658 δὲ
546 1591 654 1674 κόριος
675 1591 847 1669 Διονόυιος
874 1592 1135 1676 πατριαρχεόσας
1154 1592 1210 1675 ἔτη
1233 1594 1313 1658 duaco
1338 1596 1451 1675 ἐξῆλθε

312 1683 315 1687 “
351 1696 408 1775 τῆς
431 1691 551 1767 πόλεως
581 1691 635 1755 διό
665 1695 780 1757 αἰτίαν
812 1692 955 1756 τοιούτου
988 1693 1176 1761 σκανδάλου.
1220 1684 1309 1767 οὗτος
1331 1687 1368 1777 ἦν
1387 1690 1450 1755 α’πό

350 1789 609 1873 Πελοποννήσου,
633 1786 699 1855 εἶτα
720 1795 754 1853 ἐν
769 1794 936 1878 Βυζαντίῳ
952 1791 1207 1873 παραγενόμενος
1230 1793 1351 1873 ἐγένετο
1371 1771 1450 1853 όπό·

347 1886 495 1964 τακτικός
505 1887 645 1971 Μόρκου
656 1885 789 1973 Ἑφέσου
810 1893 868 1952 τοῦ
886 1891 1058 1969 εδηιενικοῦ,
1078 1881 1103 1977 ᾧ
1125 1892 1180 1953 καί
1193 1890 1377 1973 ,ἐπαιδεύθη
1391 1886 1451 1971 την
1507 1916 1513 1921 ·

353 1988 528 2070 μοναδικην
543 1990 700 2053 πολιτείαν
712 1992 766 2052 καί
777 1985 902 2072 οἷρετην.
914 1987 996 2066 pratri
1016 1992 1052 2051 δὲ
1064 1987 1120 2071 την
1131 1985 1251 2052 ἅλωσιν
1264 1986 1378 2069 ἔλαβον
1390 1988 1451 2050 ου’-

308 2097 341 2151 15
350 2084 404 2149 τόν
421 2089 630 2170 αἰχμάλωτον,
645 2090 700 2150 καί
714 2089 867 2168 ἠγόρασεν
883 2084 1182 2169 αότόνΧριστιανός
1195 2112 1247 2162 ,τις
1267 2091 1301 2151 ἐν
1322 2087 1450 2168 'Adpro-

349 2184 507 2249 νουπόλει.
521 2186 556 2248 ε’ῖι
568 2189 602 2249 δὲ
618 2190 674 2268 τῆς
694 2183 806 2269 όρετῆς
821 2190 932 2269 αδτοῦ,
951 2186 993 2260 ὥς
1008 2189 1042 2248 ἐν
1062 2187 1166 2273 όλίγιρ,
1186 2189 1290 2267 γέγονε
1317 2186 1370 2248 καί
1386 2210 1449 2269 μη-

348 2292 535 2367 τροπολίτης
547 2284 839 2364 Φιλιππουπόλεως,
856 2280 935 2368 εἶτα,
949 2285 993 2359 οἷς
1007 2284 1141 2367 εἴρηται,
1163 2283 1218 2347 καί
1238 2282 1446 2367 πατριάρχης.

349 2382 462 2447 τούτου
477 2386 512 2446 δὲ
533 2384 623 2452 ἕνεκα
646 2380 741 2447 διότι
760 2383 937 2448 σκάνδαλον
949 2408 1032 2457 τινες
1050 2387 1238 2465 χαιρὲκοαιοι
1251 2380 1447 2467 διεφήμισαν

350 2476 398 2545 ότι
419 2479 486 2545 ε”στι
512 2486 778 2566 περιτετμημένος
796 2483 882 2567 παρό
902 2487 965 2547 τεόν
985 2483 1189 2566 Ἰσμαηλιτῶν
1214 2472 1258 2545 ιόν
1280 2485 1447 2564 περιέσχον

302 2578 445 2654 waisdo
459 2582 582 2644 δοῦλον.
606 2575 680 2644 ὅθεν
694 2584 832 2645 συνόδου
853 2583 1128 2665 συγκρυτηθείσης,
1140 2577 1304 2663 παρόντων
1324 2582 1445 2643 πολλῶν

349 2682 404 2742 καί
423 2678 602 2742 ἐπισκόπων
626 2687 681 2745 καί
699 2685 937 2764 μητροπολιτιόν
961 2685 1016 2744 καί
1037 2679 1153 2754 παντός
1174 2681 1272 2743 εἰπεῖν
1292 2684 1349 2743 τοῦ
1369 2678 1446 2762 κλη-

349 2801 425 2861 ρου,
444 2780 661 2861 διεβεβαιοῦτο
682 2780 791 2855 αόταῖς
811 2775 858 2844 ότι
881 2783 1077 2865 συκοφαντία
1099 2774 1248 2868 ιιαδσόχί
1268 2779 1404 2862 α’ληθεια
1426 2775 1445 2840 δ

334 3076 455 3112 ..reorum
472 3062 506 3112 ad
528 3081 614 3132 regem
633 3064 711 3116 abiit.
749 3080 829 3133 qnam
850 3080 905 3115 rem
921 3063 980 3133 ipse
998 3065 1168 3132 conspicatus
1181 3066 1272 3134 inquit
1290 3063 1374 3133 “quid
1393 3062 1445 3114 hoc

349 3138 399 3192 est,
420 3133 539 3184 mater?''
564 3135 624 3185 infit
650 3135 717 3185 haec
739 3139 839 3204 6ξιίῐοισ
869 3135 1030 3202 petitionem
1062 3135 1197 3203 quandam
1226 3137 1260 3187 ad
1279 3137 1445 3185 maiestatem

348 3207 438 3267 tuam3
457 3213 581 3272 quaeest
600 3204 780 3273 utquendam
801 3205 960 3255 monachum
982 3222 1069 3254 meum
1090 3207 1230 3256 confirmes
1251 3205 1446 3275 patriarcham3

349 3278 386 3334 nt,
409 3271 472 3322 dum
491 3274 539 3323 alii
562 3274 699 3325 (λασίοισι
714 3293 744 3326 ιο
760 3275 933 3336 altercantur,
954 3277 1049 3326 tertius
1068 3276 1251 3327 interveniens
1273 3278 1371 3326 existat
1389 3275 1446 3343 pri.

346 3343 441 3408 sauss,
471 3359 517 3394 rex
537 3345 644 3395 sublato
664 3363 728 3395 auro
759 3344 917 3414 inquit‘ha
938 3343 983 3406 ha,
1004 3362 1054 3412 ago
1080 3344 1131 3396 tibi
1150 3348 1255 3412 gratias,
1276 3363 1335 3395 mea
1354 3354 1446 3396 mater.

259 3469 262 3474 ι
348 3411 389 3461 fac
407 3411 482 3480 quod
499 3415 562 3463 vis.’'
600 3416 645 3464 >ita
670 3433 730 3482 ergo
755 3417 783 3465 in
803 3414 1010 3484 patriarchicum
1034 3415 1124 3466 sedem
1153 3423 1260 3467 evectus
1286 3416 1340 3465 init
1357 3413 1445 3465 bonus

348 3481 493 3547 Dionysius
513 3484 602 3534 edicto
622 3486 801 3553 imperatoris.
850 3494 914 3535 tunc
935 3487 1052 3552 Symeon
1075 3487 1185 3536 recessit
1202 3487 1230 3535 in
1252 3486 1445 3534 monasterium
1468 3510 1469 3513 =

348 3551 529 3615 Stenimachi‚
552 3555 657 3605 Marcus
686 3572 749 3606 vero
776 3555 927 3605 Achridano
953 3555 1185 3624 archiepiscopatu
1212 3557 1315 3622 potitus
1339 3561 1398 3619 θεῖς
1415 3555 1444 3605 in
1502 3579 1506 3582 ·

348 3637 401 3690 quo
422 3623 499 3684 obiit,
518 3632 580 3692 post
598 3626 747 3694 aliquanto,
767 3625 838 3676 diem
859 3643 946 3700 sunm.

418 3709 562 3774 Dionysius
582 3712 660 3762 annis
681 3719 742 3762 octo
761 3712 789 3764 in
803 3728 921 3762 munere
943 3709 1122 3779 patriarchico
1142 3709 1242 3760 exactis
1262 3707 1329 3759 urbe
1350 3724 1443 3759 exces-

347 3778 390 3839 sit,
408 3779 562 3830 interventu
584 3781 646 3830 talis
667 3783 840 3844 offensionis,
858 3799 928 3849 quae
950 3782 1082 3848 sequitur.
1103 3788 1160 3829 erat
1179 3781 1202 3829 is
1222 3795 1236 3828 e
1256 3779 1443 3847 Peloponneso

307 3861 309 3865 ’
347 3849 488 3898 oriundus.
535 3849 599 3899 iude
619 3852 775 3916 Byzantium
806 3852 944 3920 profectus
969 3869 997 3900 se
1016 3849 1173 3903 ministrum
1205 3848 1326 3898 subdidit
1351 3850 1441 3900 Marco

347 3916 501 3984 Eugenico‚
520 3921 620 3988 Ephesi
650 3922 781 3984 antistiti3
815 3940 830 3971 a
850 3940 904 3990 quo
924 3923 1005 3970 etiarn
1025 3918 1058 3968 ad
1077 3918 1252 3969 monasticam
1272 3917 1443 3986 disciplinam

313 4032 315 4035 .
347 3988 528 4057 virtutemque
558 3992 718 4041 informatus
746 4000 794 4040 est.
846 3991 910 4041 urbe
939 3998 1091 4058 expugnata
1120 3997 1211 4056 captus
1237 3988 1307 4051 fuit3
1325 4004 1443 4056 eumque

347 4057 515 4110 Christianus
535 4061 667 4128 quispiam
689 4060 864 4129 adrianopoli
887 4062 959 4109 emit.
1005 4059 1119 4111 eminuit
1141 4067 1204 4109 tnnc
1223 4059 1260 4108 ita
1279 4061 1362 4109 virtus
1384 4059 1443 4108 eius

347 4135 376 4177 ut
398 4128 482 4178 brevi
501 4129 644 4196 admpdum
670 4131 790 4198 tempere
818 4131 992 4196 metropolita
1022 4128 1243 4196 Philippopoleos
1277 4128 1364 4178 factus
1392 4129 1444 4190 sita

347 4214 400 4262 quo
421 4198 504 4263 gradu
526 4201 553 4249 in
575 4201 717 4252 sublimem
739 4199 933 4267 patriarchicae
952 4197 1192 4254 administrationis
1213 4199 1381 4265 dignitatern,
1403 4199 1443 4250 uti

310 4309 313 4311 .
349 4265 483 4330 diximus,
515 4270 646 4320 ascendit.
691 4272 762 4332 iarn,
790 4272 853 4338 quia
873 4269 1043 4318 venundatus
1067 4270 1167 4327 iuerat,
1194 4271 1301 4336 quidam
1322 4267 1443 4318 homines

347 4340 455 4404 maligui
475 4341 499 4387 ei
522 4341 619 4388 rnalnnr'
634 4348 777 4396 struentes,
799 4339 848 4386 hac
863 4355 941 4386 causa
962 4343 1066 4406 arrepta
1087 4341 1165 4404 vulgo
1179 4339 1337 4388 dictitaruut
1356 4339 1443 4403 ipsum

349 4406 381 4459 ab
401 4410 563 4476 ismaelitis,
579 4427 605 4471 ‘a
625 4411 724 4481 quihus
743 4417 835 4481 captus
854 4415 881 4458 et
907 4426 959 4478 ¹pro
982 4425 1058 4461 serso
1077 4410 1201 4463 venditus
1221 4418 1287 4470 erat,
1305 4405 1443 4458 circumcis
