3692 5350
480 553 527 625 ao
683 517 686 521 ⁴
926 555 1119 623 nunonis

475 703 631 791 Μπαράκ,
644 706 701 773 κατ’
720 702 928 782 όποπττυθσίς
942 702 992 771 ότι
1005 703 1071 772 ἔστι
1086 704 1145 770 τοῦ
1155 702 1309 787 Κιαμάλη
1331 697 1414 779 ὅστις
1427 702 1570 771 ἐκάκωσε

473 805 530 890 τὴν
548 807 678 872 Ἰταλίαν
697 804 808 884 πολλά,
831 804 979 889 α’ρπάσας
1001 808 1056 869 κατ’
1084 804 1244 888 α’φανλσας
1263 803 1481 887 Χριστιανοός
1510 808 1567 871 οόκ

473 904 605 988 όλόγους,
626 901 755 990 ὅρμησε
775 907 840 970 κατ’
860 907 962 970 αότοό
978 902 1060 987 μετά
1083 902 1140 967 δόο
1156 906 1317 986 καραβίων
1337 900 1492 986 μεγάλων,
1514 903 1569 968 κατ’
1590 940 1596 945 -

399 1065 401 1068 ,
473 1007 620 1086 ἐνέβαλον
640 1002 718 1069 αότό
740 1005 787 1080 τῖς
819 1004 855 1069 τό
877 1010 973 1086 μέσον
994 1008 1049 1068 κατ’
1076 1002 1229 1088 ῥίψαντες
1254 999 1413 1078 α’λόσσους
1435 1001 1564 1084 ἔδησαν.

471 1107 610 1185 πολέμου
641 1105 677 1170 δὲ
706 1107 851 1190 σφοδροῦ
870 1104 1031 1187 γεγονότος
1059 1101 1187 1165 ἔπιπτον
1215 1100 1248 1179 ἐξ
1266 1096 1423 1183 ἑκατέρων
1445 1105 1590 1167 uotiuis

472 1201 668 1286 θεασάμενος
689 1205 724 1269 δὲ
744 1203 760 1266 0‘
777 1199 1050 1286 Μπαρακ.ῥεῖ’ζης
1065 1194 1111 1262 ότι
1134 1188 1190 1263 οόκ
1210 1198 1294 1264 ἔστιν
1312 1198 1419 1274 ἱκανός
1440 1206 1564 1289 νικῆσαι

473 1303 563 1389 ἐντῷ
581 1306 708 1391 τοιούτῳ
734 1306 880 1392 πολέμῳ,
909 1300 1024 1384 ἔρριψε
1059 1302 1120 1383 πῦρ
1145 1302 1178 1364 ἐν
1202 1302 1287 1386 μέσῳ
1310 1302 1371 1363 τῶν
1394 1304 1564 1384 καραβόων,

473 1404 529 1466 κατ’
551 1394 640 1485 ἧψαν
669 1404 724 1466 κατ’
743 1400 783 1465 τά
804 1401 892 1483 τρόα,
909 1406 977 1466 ’κατ’
1011 1396 1095 1464 οότω
1121 1399 1166 1483 ’μὴ
1198 1402 1372 1483 δυνηθέντα
1395 1403 1564 1480 διαστῆναι

470 1501 529 1591 α’π’
548 1499 693 1581 α’λλὴλων
711 1502 986 1589 α’πττεφρτόθησαν
1007 1503 1063 1563 κατ’
1082 1500 1120 1564 τά
1141 1502 1211 1583 τρία
1227 1503 1259 1563 ὲν
1279 1501 1365 1585 μέσῳ
1386 1504 1444 1563 τοῦ
1465 1499 1577 1561 πελά-χ

470 1621 554 1679 γους.
596 1597 625 1662 οἱ
644 1592 810 1681 ἅνθρωποι
829 1603 871 1665 δὲ’
882 1604 939 1665 καί
956 1598 1053 1689 αότός
1074 1598 1266 1679 όΛουρδᾶς,
1289 1597 1317 1663 οἱ
1341 1604 1399 1679 μὲν
1420 1596 1482 1663 δπό
1503 1622 1559 1661 πο.
1573 1616 1606 1669 10

471 1700 568 1778 λέμου
589 1699 619 1762 οἱ
640 1701 677 1763 δὲ
698 1698 761 1764 όπό
781 1699 898 1784 πυρός,
920 1694 1009 1765 άλλοι
1043 1702 1077 1765 δὲ
1102 1699 1249 1775 πεσόντες
1284 1702 1317 1765 ἐν
1338 1698 1486 1787 θαλάσσῃ
1508 1703 1564 1763 κατ’

429 1793 725 1881 3οάποπνιγόμενοι,
747 1801 863 1876 πάντες
884 1800 1114 1887 διεφθάρησαν.
1164 1804 1219 1865 καί
1241 1803 1335 1863 τοῦτο
1357 1797 1519 1863 άκοόσασα
1542 1798 1560 1879 ἡ

471 1894 564 1981 λοιπὴ
587 1896 718 1981 α’ρμάδα
744 1898 781 1986 (όΙ
796 1901 920 1984 στόλος)
943 1905 1087 1984 εἰσῆλθεν
1108 1904 1153 1977 εἰς
1174 1900 1228 1964 τὸν
1252 1897 1460 1967 Νπόπακτον·
1503 1900 1558 1961 καί

472 1991 555 2059 οὕτω
572 1994 617 2082 μή
641 1998 812 2081 δυνηθεῖσα
835 1996 854 2083 ἦ
877 1975 1007 2083 α’ργλάδα
1030 2003 1091 2064 τοῖν
1112 2003 1281 2064 Βενετίκων
1303 2023 1332 2062 τι
1353 2001 1483 2080 ποιῆσαι
1504 1992 1560 2060 διά

439 2097 443 2103 ’
470 2090 505 2158 τό
524 2090 605 2158 εἶναι
626 2097 681 2160 κατ’
700 2099 761 2160 α’πό
785 2101 841 2182 τῆς
860 2101 958 2182 ξηρᾶς
979 2098 1033 2163 τόν
1047 2102 1228 2174 σουλτᾶνον,
1249 2095 1369 2177 ἔμεινεν
1393 2089 1557 2177 ἄπρακτος.
1572 2112 1604 2162 15

471 2189 566 2272 ἔλαβε
588 2195 623 2257 δὲ
641 2192 697 2257 τόν
718 2196 911 2259 Ναύπακτον
931 2198 986 2258 κατ’
1005 2195 1060 2280 τὴν
1078 2193 1191 2278 γιόραν
1210 2194 1268 2279 τήν
1291 2197 1364 2272 ἐκεῖ,
1386 2193 1440 2257 τόν
1453 2198 1484 2258 Γ
1483 2201 1560 2258 αλα-

471 2294 529 2355 τᾶν
556 2290 612 2356 καί
635 2291 674 2357 τά
709 2292 803 2357 λοιπά
835 2297 941 2378 χωρία
975 2296 1136 2378 εἰρηνικῶς
1167 2292 1427 2378 προσκυνήσαντα
1462 2292 1561 2358 αὐτόν

472 2387 606 2455 κατὰτὸ
627 2392 677 2481 .ζή
699 2388 780 2467 ἔτος.
823 2387 892 2468 εἶτα
913 2394 1049 2475 ἀνῆλθεν
1071 2394 1086 2456 ὁ
1118 2397 1287 2467 σουλιάνος
1308 2394 1352 2465 εἰς
1370 2392 1560 2475 Ἀδριανοό·

469 2495 561 2554 πολιν
580 2491 682 2570 μόνων
702 2493 775 2556 ἐκεῖ.
806 2491 837 2576 ιό
858 2495 894 2557 δὲ
917 2488 1027 2569 στόλος
1049 2496 1172 2575 ἐποίησε
1202 2491 1256 2555 τόν
1275 2494 1419 2574 χειμῶνα
1441 2494 1475 2555 ἐν
1496 2499 1561 2565 τοῖς

469 2588 598 2670 μέρισιν
618 2591 745 2669 ἐκείνοις
775 2596 832 2656 κατ’
849 2596 1010 2676 παρέλαβε
1032 2588 1088 2677 τόν
1110 2594 1291 2676 Μεθώνην,
1317 2586 1409 2663 ὄντος
1429 2586 1475 2654 ἔτι
1496 2592 1564 2653 ἐκεῖ
1570 2605 1606 2657 20

472 2690 528 2751 καί
534 2686 602 2753 -τοό
622 2693 791 2757 σουλτάνου
812 2693 937 2756 τούτου.
978 2695 1097 2776 ἐγένετο
1123 2694 1158 2756 δὲ
1180 2692 1198 2776 ἦ
1221 2689 1337 2767 ἅλωσις
1358 2691 1457 2772 αὐτῆς
1471 2688 1560 2764 Ικατά

472 2791 584 2854 τοῦτον
617 2788 674 2861 τόν
693 2788 817 2875 τρόπον.
859 2794 1127 2876 παρακαθημένου
1150 2795 1207 2855 τοῦ
1230 2786 1403 2854 σουλτάνου
1427 2787 1482 2852 καί
1504 2793 1561 2854 τοῦ

427 2881 430 2885 ’
472 2887 583 2952 στόλου
601 2892 656 2952 ἐστ’
673 2892 789 2967 πολλάς
811 2892 933 2978 ἡμέρας·
952 2890 1006 2954 κατ’
1029 2890 1257 2972 πολεμούντων,
1280 2889 1334 2954 κατ’
1354 2888 1397 2972 μὴ
1413 2883 1560 2969 ’δυναμέ-

471 3154 584 3205 multum
610 3153 699 3206 damni
727 3157 823 3208 ltaliae
841 3157 979 3209 *intulerat
1004 3159 1088 3226 raptis
1105 3157 1135 3208 in
1158 3158 1310 3208 servitutem
1338 3164 1365 3208 et
1383 3155 1462 3206 morti
1484 3153 1555 3204 datia

419 3285 421 3288 y
471 3222 631 3276 Christianis
661 3224 734 3277 haud
761 3229 860 3298 paucis.
908 3229 1050 3288 confestim
1074 3235 1135 3296 ergo
1164 3228 1264 3279 irruere
1291 3229 1318 3278 ila
1339 3227 1426 3296 ipsum
1444 3224 1554 3275 iluobus

469 3297 571 3364 maguis
587 3297 714 3365 navigiis3
731 3297 802 3349 illud
819 3300 849 3350 in
870 3298 987 3352 medium
1006 3299 1142 3348 amborum
1167 3297 1295 3366 redigere,
1314 3307 1423 3348 catenas
1444 3296 1557 3346 iniicere

470 3376 498 3420 et
515 3367 636 3436 religare.
655 3368 704 3420 -fii
721 3380 811 3439 pugna
824 3368 983 3436 vehemens3
1005 3369 1104 3421 cadant
1122 3371 1250 3440 utrinque
1269 3369 1354 3419 multi.
1393 3366 1487 3417 videns
1506 3384 1557 3416 au·

468 3447 522 3490 tem
544 3441 654 3498 baracus
680 3440 757 3490 Reiza
786 3458 814 3491 se
837 3441 976 3492 victoriam
1001 3440 1125 3492 obtinere
1137 3453 1197 3490 'non
1218 3457 1314 3511 posse,
1333 3440 1423 3505 ignem
1442 3436 1558 3487 navibus

468 3511 565 3574 iniicit
581 3527 636 3581 quo
657 3517 749 3562 oannes
767 3519 821 3562 tres
850 3509 962 3580 flagrare
983 3511 1140 3579 'coeperunt
1185 3527 1300 3580 cumque
1320 3512 1390 3560 inter
1408 3525 1435 3558 se
1455 3507 1557 3558 coliae-¹

467 3590 557 3633 terent
575 3600 624 3633 nec
646 3583 674 3634 in
694 3583 780 3634 vicem
801 3585 916 3652 separari
937 3590 1062 3651 possent,
1084 3598 1175 3633 omnes
1201 3580 1289 3632 medio
1309 3582 1373 3630 mari
1393 3578 1555 3648 deflagratae

423 3671 426 3674 ⁴
465 3653 495 3703 in
513 3645 615 3705 iineres
635 3652 769 3705 abierunt,
807 3655 933 3723 epibatae
950 3670 1013 3704 vero
1034 3661 1115 3722 atque
1127 3653 1185 3723 ipae
1204 3651 1271 3704 adeo
1291 3650 1474 3710 Lauredanus‚
1492 3651 1556 3718 qui·

466 3722 527 3774 dam
548 3726 628 3787 ferro,
647 3725 692 3775 ali-i
710 3724 824 3786 flamma,
841 3725 967 3776 nonnulli
988 3725 1058 3776 saltu
1078 3724 1105 3774 in
1125 3739 1196 3774 mars
1215 3731 1242 3774 et
1260 3723 1445 3782 suffocatione,
1464 3721 1555 3771 cuncti

465 3795 613 3862 perierunt.
648 3814 703 3918 pua
722 3813 750 3847 re
778 3797 884 3864 cognita
906 3796 1010 3864 reliqua
1030 3795 1120 3846 classis
1143 3795 1171 3846 in
1193 3803 1299 3864 portum
1323 3792 1456 3859 Naupacti
1478 3791 1554 3840 inve·

465 3873 507 3916 cta
525 3875 573 3918 est.
610 3885 646 3918 uu
668 3884 682 3918 e
708 3867 830 3918 Venetae
858 3867 937 3917 classi
958 3865 1071 3916 facultas
1095 3883 1150 3917 nou
1172 3865 1222 3918 luit
1240 3865 1384 3936 quicquam
1400 3861 1497 3928 agendi
1520 3877 1554 3912 eo

465 3935 539 4003 quod
558 3945 586 3987 et
604 3939 632 3989 in
646 3939 794 3989 continenti
810 3937 930 3988 soltanus
943 3955 1001 3989 cum
1020 3937 1107 4006 copiis
1126 3946 1204 3988 esset·
1241 3935 1314 4004 cepit
1333 3950 1395 4001 ergo
1414 3933 1459 3982 bic
1478 3932 1554 3982 Nau.

464 4013 571 4071 pactum
596 4017 624 4059 et
643 4008 809 4060 adiacentem
830 4026 940 4077 agrum,
960 4008 1082 4059 Galatam
1100 4017 1128 4060 et
1147 4009 1250 4077 reliqua
1269 4004 1391 4074 oppida,
1413 4005 1479 4053 citra
1501 4021 1554 4070 pu-

464 4089 550 4140 gnam,
571 4077 640 4128 lacta
657 4080 692 4130 ab
720 4080 761 4130 his
780 4080 934 4142 deditione,
953 4078 1022 4132 7008
1040 4096 1119 4131 auno.
1166 4076 1312 4147 posthaec
1333 4083 1405 4142 gesta
1429 4073 1554 4136 sultauus

463 4142 658 4213 Adrianopoliu
686 4151 808 4201 ascendit
835 4151 927 4220 ibique
946 4151 1052 4202 mansit.
1072 4150 1163 4200 classis
1192 4155 1281 4197 autem
1305 4146 1362 4196 illis
1382 4145 1409 4196 in
1430 4145 1553 4214 partibus

387 4211 607 4276 1500hlemflvit‚
626 4227 703 4283 mpla
722 4229 750 4270 et
768 4220 912 4285 Methone,
929 4240 987 4272 cuin
1008 4220 1118 4290 quidem
1138 4229 1201 4269 tunc
1215 4234 1308 4283 [rursus
1329 4217 1451 4267 soltanus
1470 4215 1552 4266 ades-

461 4292 510 4335 sst'.
546 4300 595 4352 age
613 4302 685 4346 vero,
705 4291 840 4357 quomodo
859 4303 938 4362 capta
958 4294 1012 4354 sit,
1031 4291 1161 4343 dicamas.
1198 4304 1273 4348 oum,
1293 4289 1399 4338 sultano
1419 4287 1550 4338 stolasse

460 4372 518 4406 eam
537 4354 723 4408 obsidentibus
743 4359 777 4408 ad
795 4362 894 4412 multos
913 4355 971 4413 <lies
994 4371 1021 4411 et
1040 4359 1265 4429 oppugnantibus,
1290 4359 1453 4426 expugnatio
1472 4358 1550 4409 nulla

459 4427 614 4480 succederet
627 4425 706 4495 (adeo
723 4429 826 4480 monita
845 4441 902 4482 erat
920 4433 967 4482 illa
991 4431 1075 4502 urbs),
1094 4445 1206 4498 cumque
1229 4428 1263 4480 ab
1282 4428 1424 4480 obsidione
1443 4427 1547 4480 discss-
