3692 5350
583 595 585 600 ’
679 593 999 668 perarmemus.
1189 681 1194 686 ,
1322 592 1438 674 ιοι.

230 761 237 776 “
288 758 347 824 τοῦ
368 757 447 841 θεοῦ
468 750 579 838 χάριτι
600 755 780 840 ἒξεσπάσθη
802 757 857 820 κατ’
874 752 1046 840 ἐξεριζάθη
1068 751 1103 821 τά
1117 755 1320 838 Σιμωνιαιιάν
1340 761 1396 823 καί

279 855 321 921 τὸ
345 853 528 937 ἐμβατίκιον
557 855 591 920 τὸ
620 855 728 919 ὁποῖον
760 852 815 919 καί
841 853 919 919 αδτό
952 854 1151 936 Σιμωνιακὸν
1184 849 1259 941 η’τον
1279 858 1397 941 άσεβέ·
1425 857 1445 870 ”

288 978 412 1038 στατον,
426 953 534 1032 καθώς
559 956 717 1020 α’κοάσατε
733 947 872 1041 άνωθεν,
895 951 975 1020 rinnai
988 953 1177 1039 ἐγράψαμεν
1198 960 1244 1035 εἰς
1266 961 1395 1038 πλάτος.
1479 977 1486 988 “

369 1052 485 1140 Ὅμως,
508 1053 615 1131 καθώς
636 1059 795 1122 ἐτελείωσε
820 1055 855 1120 τὸ
879 1055 1035 1139 σωτήριον
1055 1060 1147 1121 τοῦτο
1170 1054 1262 1140 ἔργον
1283 1057 1299 1124 ὃ
1317 1086 1417 1145 γρι-Ι
1506 1108 1511 1115 „

242 1158 486 1238 ’ὅστομδμητος
508 1153 728 1242 πατριάρχης,
752 1154 863 1220 ἔπεσεν
884 1153 900 1218 δ
924 1154 1023 1230 πόθος
1045 1157 1149 1219 ου’τοδ
1168 1158 1224 1221 καί
1243 1157 1262 1242 ἦ
1287 1160 1394 1246 α’γάπη
1440 1175 1446 1190 ’

288 1261 335 1335 εἰς
370 1255 428 1341 την
459 1259 590 1343 μελέτην
616 1260 673 1340 τῆς
696 1260 787 1333 θείας
820 1260 964 1343 γραφῆς,
1000 1255 1055 1319 καί
1081 1255 1181 1335 νάκτα
1213 1261 1269 1322 καί
1288 1250 1393 1343 ἡμέρα
1452 1316 1455 1319 ,

288 1357 468 1436 ἐσπούδαζε
506 1359 561 1421 καί
595 1358 768 1436 σπουδάζει
803 1357 968 1439 θεολογικά
999 1359 1192 1444 φιλοσοφικά
1220 1363 1281 1423 ’καί
1310 1353 1393 1428 ἄλλα

226 1475 228 1482 ’
287 1456 390 1521 πολλά
417 1456 602 1541 μαθήματα,
633 1457 688 1522 καί
718 1456 968 1542 ε’κκλησιαστικά.
1021 1459 1077 1523 καί
1097 1457 1140 1533 ὥς
1177 1459 1394 1541 οἰκουμενικδς

287 1555 490 1648 πατριάρχης
526 1559 581 1624 κατ’
615 1557 720 1642 πατήρ
752 1560 807 1624 και1
842 1560 1032 1633 διδάσκαλος
1063 1561 1116 1624 δὲν
1144 1556 1283 1627 ἔπαυσεν
1317 1564 1393 1632 ου’δδ

240 1667 277 1724 10
287 1659 386 1724 παάει
410 1657 448 1722 νά
474 1659 616 1726 διδάσκει
636 1664 691 1725 καί
711 1658 748 1724 νά
772 1659 921 1744 κηρύττει
943 1660 999 1724 τόν
1020 1656 1113 1743 λόγον
1134 1663 1192 1725 τοῦ
1213 1663 1291 1726 θεοῦ
1312 1646 1408 1752 πρδς,

286 1759 407 1838 πάντας
429 1760 503 1836 τούς
525 1763 668 1844 ου’σεβεῖς
689 1761 740 1826 διά
764 1761 822 1845 τὴν
842 1760 1005 1846 σωτηρίαν
1034 1761 1159 1845 ου’ταῖν,
1178 1760 1286 1837 καθάς
1315 1759 1392 1829 ἔκα-

285 1886 371 1943 μναν
391 1860 420 1926 οἱ
435 1861 614 1947 σοφώτατοι
632 1865 764 1928 παλαιοί
776 1858 983 1946 πατριάρχαι,
1004 1865 1059 1925 καί
1077 1861 1301 1942 σπουδάζοντα
1320 1867 1393 1928 καθ’

285 1963 429 2048 ἡμέραν,
461 1961 510 2028 ἴδε
539 1963 573 2028 τὸ
611 1962 709 2050 ῥητὸν
738 1967 795 2029 τοῦ
822 1964 913 2028 θείου
935 1966 1044 2044 Audiri
1074 1961 1112 2026 τὸ
1144 1968 1233 2045 λέγον
1255 1964 1392 2048 ιιΚύριε,
1420 2034 1423 2038 A

233 2061 435 2149 --ἤγάπησα
456 2065 648 2148 ου’πρέπειαν
681 2062 769 2131 οἴκου
789 2089 848 2130 σου
879 2068 936 2129 καί
955 2061 1052 2128 τόπον
1074 2060 1278 2150 σκηνάματος
1299 2063 1393 2150 δόξης

240 2169 376 2236 ι5σου.”
428 2166 482 2230 καί
515 2165 532 2229 ά
560 2169 660 2249 μέγας
695 2171 866 2242 Βασίλειος
905 2170 962 2229 καί
994 2162 1011 2228 ὅ
1041 2169 1128 2240 θεῖος
1164 2165 1392 2251 Χρυσὸστομος

288 2263 442 2350 “draitona
464 2265 539 2345 τούς
557 2270 747 2351 α’γοιπῶντας
765 2269 822 2352 την
845 2253 1117 2351 εάπρέπειιιντοῦ
1137 2264 1225 2334 οἴκου
1248 2271 1337 2338 σου.”

373 2367 445 2434 Καὶ
465 2370 498 2433 ἐν
522 2373 565 2457 aqi
587 2366 655 2450 άμα
678 2366 750 2434 ὅλον
771 2369 805 2434 τὸ
831 2371 967 2451 τέμπλον
988 2372 1030 2448 μὲ
1056 2368 1095 2431 τά
1124 2362 1199 2451 δι’γισ
1222 2369 1332 2454 θύρη,
1356 2368 1392 2434 τὸ

287 2467 426 2550 παλαιάν
448 2467 557 2549 ἐκεῖνο,
580 2469 615 2534 τὸ
632 2471 888 2553 σεσαθροομὲνον,
912 2468 949 2533 τά
962 2460 1088 2552 εάγαλε,
1110 2473 1164 2534 καί
1182 2467 1298 2550 ἔκαμεν
1313 2461 1391 2534 αυέά

225 2612 254 2634 ε,
285 2565 368 2653 νέον,Ι
391 2563 463 2636 ὅλον
483 2570 621 2655 γλυπτδν
642 2574 683 2653 μὲ
707 2569 848 2655 καθαρὸν
869 2569 1036 2656 χρυσάφη,
1057 2573 1114 2634 καί
1126 2568 1183 2646 τάς
1204 2559 1313 2654 θάριις
1330 2571 1391 2634 aaa*
1399 2590 1449 2644 131

237 2671 431 2757 ἳθβάματος
456 2669 535 2737 ὀποῦ
563 2669 631 2755 ἔχει
661 2671 715 2738 τάν
752 2678 841 2737 θιῖον
868 2669 1098 2753 εὐαγγελισμάν
1119 2673 1181 2757 ζτῆς
1214 2668 1390 2756 ὑπεραγάας

273 2773 451 2853 θεοτόκου,
474 2771 528 2837 καί
548 2774 635 2853 δεξιά
658 2776 714 2838 καί
734 2773 895 2859 σ’ριστερά,
919 2769 1031 2836 άπάνοο
1053 2769 1110 2835 καί
1129 2772 1225 2855 κάτω,
1239 2765 1313 2836 ὅλον
1333 2770 1389 2836 τὸν

289 2872 369 2938 rada
389 2873 557 2958 εδτρέπισε
577 2877 632 2941 καί
653 2872 709 2939 τόν
729 2875 911 2959 ἐλάμπρυοε
937 2876 992 2938 καί
1011 2874 1068 2938 τὸν
1090 2872 1234 2939 ἑστόλισε
1253 2875 1294 2962 με
1314 2868 1390 2939 διά-

467 3002 471 3009 ι

288 3090 343 3142 tiae
363 3088 497 3141 beneficio
519 3089 610 3141 evolsa
632 3097 659 3141 et
677 3089 810 3140 eradicata
830 3095 871 3140 est
887 3088 1047 3155 symoniaca
1067 3087 1229 3139 nundinatio
1249 3095 1277 3140 et
1296 3086 1389 3140 emba-

288 3162 401 3227 ticiuni3
423 3159 501 3229 quod·
517 3169 544 3212 et
556 3162 644 3232 ipsum
656 3160 775 3211 Simonia
787 3162 903 3211 maxime
917 3161 1001 3229 impia
1020 3169 1085 3224 erat,
1101 3161 1172 3213 sicut
1189 3176 1280 3231 supra,
1298 3165 1388 3232 quan-

287 3242 344 3287 tum
364 3233 438 3297 satia,
460 3249 475 3281 a
495 3231 574 3285 nobis
597 3233 724 3301 scriptum
745 3241 827 3284 extat.
1344 3240 1347 3245 '
1478 3225 1485 3235 '

359 3302 415 3355 lloc
434 3304 545 3355 salutari
566 3320 648 3373 opere
669 3321 683 3353 a
703 3302 811 3355 Christo
838 3304 961 3354 imitante
989 3301 1140 3371 patriarcha
1158 3300 1290 3368 perfecto,
1309 3316 1388 3351 omne

287 3374 408 3429 studium
428 3376 486 3426 eius
503 3375 624 3442 flagranti
644 3374 780 3427 desiderio
800 3374 834 3425 ad
854 3374 1060 3425 meditationem
1078 3374 1229 3424 divinarum
1250 3371 1388 3422 literarum

287 3446 421 3509 incubuit,
431 3448 469 3509 ,in
491 3447 589 3517 quibus
611 3446 669 3497 dies
688 3455 838 3516 noctesque
857 3455 978 3498 versatus
997 3454 1038 3497 eat
1058 3454 1085 3496 et
1102 3459 1173 3495 nunc
1196 3444 1277 3492 etiam
1296 3458 1388 3493 versa·

288 3529 342 3581 tur,
363 3537 420 3570 cum
440 3518 577 3587 theologia
606 3518 807 3591 philosophiam
835 3526 863 3569 et
883 3517 936 3567 alia
956 3518 1039 3569 multa
1063 3514 1388 3582 ecclesiasticaquecon·

288 3594 411 3659 iungens.
448 3599 529 3660 atquo
551 3598 581 3642 ut
602 3592 777 3642 oecumenico
797 3588 963 3657 patriarchae
983 3597 1011 3640 et
1029 3589 1099 3657 patri
1119 3595 1154 3637 et·
1166 3585 1272 3636 doctori
1287 3601 1388 3636 conae·

288 3664 349 3726 nit,
379 3678 430 3715 nee
456 3662 570 3715 'cessavit
595 3680 645 3714 nec
672 3672 759 3714 cessat
790 3662 856 3731 quin
881 3660 979 3712 doceat
1008 3668 1035 3710 et
1057 3659 1195 3730 praedicet
1212 3655 1323 3707 verbum
1343 3654 1389 3707 dei

289 3732 415 3786 omuibus
445 3736 496 3803 piis
518 3733 685 3785 adsalutem
715 3750 816 3795 eorum,
835 3733 905 3784 sicut
923 3730 1115 3799 sapientissimi
1145 3729 1248 3798 quique
1266 3737 1389 3779 veterum

273 3804 502 3877 'patriarcharum
521 3806 686 3857 factitarunt.
710 3822 823 3875 cumque
845 3806 873 3856 in
897 3804 954 3855 dies
974 3803 1094 3871 singulos
1115 3800 1296 3852 eruditionem
1314 3816 1388 3849 suam

288 3884 405 3943 augeat,
427 3876 492 3928 lacit
513 3876 540 3927 id
562 3876 688 3928 exdicto
708 3878 734 3929 S.
756 3875 863 3926 Davidis
896 3873 1040 3935 “domine,
1074 3872 1156 3939 dilexi
1192 3870 1317 3922 decorem
1336 3869 1389 3920 do-

282 3942 348 3999 ‘mus
367 3956 429 3999 tuae
457 3957 485 3999 et
513 3949 601 3998 locum
629 3948 806 4001 habitationis
835 3948 936 4015 gloriae
955 3954 1018 3996 tuae
1029 3950 1053 4008 ,'’
1079 3952 1107 3995 et
1129 3942 1222 3994 Basilii
1250 3940 1284 3990 M.
1306 3958 1336 3992 ac
1354 3942 1387 3993 θ’.

288 4018 472 4086 Chrysoatomi
492 4020 648 4071 “sanctifica
670 4036 715 4071 eos
737 4020 784 4089 qui
803 4018 921 4084 diligunt
946 4016 1070 4068 decorem
1089 4015 1187 4067 domus
1208 4013 1297 4064 tuse.''

361 4089 461 4142 Eodem
482 4100 603 4162 tempore
624 4098 710 4141 toturn
730 4090 826 4158 templi
844 4089 988 4140 delubrum
1006 4103 1066 4138 cum
1085 4086 1165 4137 sacris
1186 4083 1300 4146 foribus,
1318 4082 1388 4136 illud

267 4208 269 4215 r
287 4170 425 4215 vetustum
446 4172 473 4213 et
492 4162 684 4233 putrefactum,
704 4161 825 4221 removit,
844 4169 872 4211 et
891 4159 926 4211 de
937 4176 1007 4210 novo
1026 4158 1188 4218 aedificavit,
1208 4163 1295 4207 totum
1316 4156 1387 4207 scul-

287 4234 366 4302 ptile,
386 4251 454 4301 puro
474 4250 538 4285 auro
560 4242 692 4288 ornatum.
729 4234 793 4283 item
813 4232 883 4283 fores
900 4231 1079 4282 cancellorum
1099 4229 1180 4293 secit3
1201 4223 1258 4297 qu'o
1278 4228 1305 4279 in
1326 4227 1386 4280 loeo

287 4306 427 4373 angelicae
446 4305 479 4356 ad
507 4308 537 4358 D.
557 4307 686 4375 virginem
708 4303 878 4355 salutationis
908 4304 997 4369 imago
1018 4309 1067 4353 est.
1082 4301 1085 4307 '
1103 4317 1134 4351 ac
1154 4299 1247 4351 dextra
1266 4299 1388 4351 sinistra-

288 4393 354 4447 que,
372 4383 452 4445 ‘supra
471 4385 499 4429 et
522 4378 599 4440 iufra,
619 4374 748 4445 templum
769 4376 910 4440 exornavit
929 4381 1033 4440 totum;
1055 4372 1146 4442 idque¹
1156 4369 1326 4441 splendidius
1346 4371 1388 4423 le·
1437 4385 1440 4388 ‘

275 4449 335 4516 eit,
352 4456 381 4501 et
401 4448 540 4501 decorarit
559 4449 639 4501 variis
660 4446 833 4515 imaginibus,
853 4447 954 4515 magnis
975 4453 1003 4497 et
1020 4445 1117 4515 parvis,
1138 4442 1319 4513 pulcherrime
1337 4459 1387 4493 ve·
1463 4486 1466 4489 ,

288 4520 360 4578 stitia
387 4528 416 4573 et
443 4519 621 4578 candelabris.
658 4518 790 4580 columnis
817 4534 927 4593 quoque
950 4516 1045 4589 templi
1070 4514 1244 4588 splendorem
1261 4511 1384 4579 addidit3
1431 4553 1433 4556 ,
