3692 5350
788 539 989 602 POLlTlCll.
1364 537 1408 602 71

317 687 480 773 ἐπορεύθη
503 691 538 753 δὲ
552 689 746 754 dati-‘lmus'
766 692 801 754 ἐν
816 690 990 774 Μαγνησίᾳ
1012 685 1090 752 κατά
1109 692 1167 753 τού
1187 690 1329 774 άδελφοό
1351 693 1414 752 ου’-

314 793 374 856 τού
397 795 457 852 τού
479 786 646 870 Κουρκούτ
669 791 811 872 τζελεπῆ,
840 793 895 852 καί
915 787 950 863 ὃς
970 785 1016 870 μη
1046 791 1195 871 δυνηθείς
1216 790 1411 872 άντιστῆνατ,

316 893 468 973 ἐξέφυγεν
490 890 525 952 ἐν
548 887 654 964 τόποις
677 887 856 969 δυσβάτοις,
878 884 958 951 όπσυ
980 890 1190 968 συλλαβόντες
1212 885 1311 952 αδτόν
1334 889 1413 952 άπέ-

318 992 440 1068 πνιξαν,
460 988 515 1051 καί
535 986 682 1067 ἐκόμισαν
710 985 843 1054 ἐντόπιον
864 987 964 1051 orituri
981 986 1017 1050 τό
1039 989 1151 1070 νεκρόν
1169 991 1262 1067 στόμα
1285 985 1411 1056 τούτου.

288 1086 420 1168 Hosius
443 1089 478 1151 δὲ
509 1084 682 1152 όσουλτάν
704 1088 902 1170 Ἀχουμάτης
928 1085 945 1149 ό
973 1078 1067 1161 άλλος
1097 1085 1237 1171 άδελφός
1256 1084 1290 1150 όν
1309 1086 1413 1167 Ἀμυ-

318 1194 382 1276 σι’ρι,
404 1190 601 1271 διεφημίσθη
622 1189 657 1250 δὲ
680 1182 730 1251 ότι
751 1188 915 1269 στρατεύει
938 1183 1016 1250 κατά
1038 1191 1096 1248 τού
1119 1187 1272 1271 άδελφσύ.
1314 1184 1413 1262 ου’τός

317 1291 353 1354 δὲ
378 1288 515 1362 συνάξας
536 1285 672 1368 στρατόν
705 1290 816 1369 ἐξῆλθε
845 1288 954 1369 μάχην
983 1288 1131 1368 ποιησαι·
1176 1281 1272 1350 ὄντων
1294 1287 1330 1348 δὲ
1350 1289 1412 1350 τῶν

317 1383 470 1449 πλειόνων
487 1383 703 1467 Καραμάνων,
724 1389 905 1469 συμπλοκῆς
921 1390 1100 1469 γενομένης,
1111 1388 1349 1468 προσετέθησαν
1368 1387 1413 1472 rogi

320 1484 459 1550 σσυλτάν
482 1487 611 1572 Σελίμη.
654 1487 708 1548 καί
728 1482 828 1560 οὕτως
852 1488 1113 1569 ἐγκαταλειφθείς
1133 1486 1229 1565 μόνος
1249 1483 1326 1565 μετά
1349 1487 1412 1548 τῶν

272 1587 307 1638 ¹⁰
317 1587 438 1649 οἰκείων
457 1588 511 1668 τῆς
531 1579 647 1647 ὲυυτσύ
670 1585 804 1667 Πόρτυς
828 1586 883 1646 καί
902 1579 987 1648 άκων
1007 1584 1183 1668 παρεδόθη.
1235 1586 1412 1663 κομίζοντες

318 1687 353 1752 δὲ
378 1677 480 1762 ζυόντα
508 1683 587 1765 πρός
612 1683 668 1747 τόν
689 1682 829 1769 άδελφόν
852 1679 952 1746 orituri
975 1670 1093 1763 τοῦτον,
1118 1683 1173 1747 καί
1192 1684 1338 1761 άξιούντα
1352 1707 1411 1763 με·

316 1785 421 1866 γάλως
436 1786 489 1848 ἵνα
503 1783 696 1869 συνσμιλὴοη
710 1784 807 1871 adsui,
831 1779 912 1858 όλως
934 1781 951 1844 ό
973 1781 1110 1847 σουλτάν
1131 1786 1264 1866 Σελίμης
1283 1782 1321 1844 ού
1351 1807 1410 1845 κα.
1502 1833 1505 1837 ,

316 1887 487 1964 τεδὲξατσ,
515 1883 594 1946 άλλά
624 1887 738 1957 νεύσας
763 1881 876 1968 μόνον,
911 1876 1041 1968 άραντες
1069 1883 1240 1956 ἀπέπνιξαν
1262 1882 1357 1946 αύτόν
1377 1905 1410 1945 τε

227 2063 230 2073 ρ
317 1987 372 2047 καί
394 1983 467 2058 τούς
486 1981 543 2046 δύο
568 1980 659 2057 υἱούς
680 1985 789 2047 αύτού.
1302 2054 1304 2059 ,

272 2083 306 2135 ¹5
402 2076 513 2157 Ούτως
534 2076 591 2145 οὖν
614 2082 771 2166 ἀφανίσας
792 2070 952 2168 άδύλφσύς
977 2082 1031 2146 καί
1055 2081 1208 2162 ἀνεψιούς
1229 2081 1284 2143 καί
1299 2079 1410 2162 γενεάν

316 2180 418 2245 adzo&
437 2185 564 2262 πάσαν,
597 2185 721 2263 χαίρων
751 2192 815 2257 τοῖς
835 2181 988 2259 τοιούτοις
1020 2186 1075 2246 καί
1098 2178 1251 2265 ύπάρχων
1273 2177 1409 2266 φοβερός

315 2278 372 2342 καί
394 2282 515 2356 δίκαιος
536 2280 579 2356 σός
601 2279 617 2342 ό
641 2282 766 2356 πάππος
787 2282 898 2365 adacti,
930 2283 1142 2366 ἐπαναπαύθη
1162 2278 1201 2343 τά
1225 2281 1410 2360 καταθύμια

315 2377 409 2460 όρυῖν.
452 2377 484 2442 ἓν
507 2383 542 2443 δὲ
565 2381 662 2444 ἐποίει
684 2378 787 2444 κοινόν
809 2380 914 2465 κακόν,
934 2378 980 2446 ότι
996 2384 1136 2465 συνεχῶς
1157 2383 1290 2463 συνῆγεν
1311 2372 1410 2460 άργύ,

313 2500 383 2562 ριον
406 2473 491 2561 παρά
512 2484 575 2544 ταῖν
595 2479 757 2565 ὑπηκόων,
777 2480 880 2556 δόσεις
900 2480 1011 2556 καινάς
1043 2484 1182 2562 μελετιόν
1204 2479 1259 2543 καί
1281 2479 1407 2562 ὁρίζων,

267 2569 364 2652 ἳθαῖς
385 2575 400 2641 ό
423 2579 525 2663 πατὴρ
556 2583 657 2643 αύτσύ
687 2583 754 2644 ούδ’
782 2578 862 2655 ὅλως
897 2585 1030 2664 ἐβάρυνε
1059 2581 1143 2645 τινά.
1186 2581 1346 2642 ἀπέκτεινε
1370 2581 1406 2642 δὲ

314 2678 371 2743 κατ’
389 2677 443 2744 τόν
463 2684 650 2767 Μουσταφά
672 2686 811 2767 uuordo,
842 2684 875 2746 ἐν
903 2682 1006 2767 ἔχθρᾳ
1036 2680 1118 2762 ἔχων
1148 2679 1245 2743 αύτόν
1271 2676 1324 2741 διά
1354 2676 1406 2741 τὸν

313 2778 451 2843 σουλτάν
477 2780 693 2864 Ἆχουμάτην,
724 2778 773 2847 ότι
793 2784 1002 2865 ἐβουλεύσατο
1027 2786 1071 2882 τρῖ
1097 2782 1193 2865 πατρί
1218 2781 1270 2844 ἵνα
1290 2775 1404 2865 πσιὴση

311 2978 416 3031 viribus
436 2981 578 3033 resistendi
592 2982 739 3035 destitutus
760 2984 788 3035 in
807 2984 866 3036 loca
886 3000 991 3034 secessu
1011 2983 1093 3035 ardua
1113 2991 1141 3034 et
1155 2981 1274 3033 difficilia
1292 2998 1321 3033 se
1339 2997 1404 3049 pro·
1434 3007 1438 3022 ι

312 3051 408 3118 ripuit.
446 3051 490 3103 hic
511 3055 569 3120 ipss
588 3055 808 3121 comprehensus·
826 3054 924 3106 chorda
951 3064 1041 3123 gutlur
1061 3056 1142 3105 elisus
1171 3061 1230 3114 est,
1248 3054 1352 3122 prolato
1374 3052 1405 3103 in

310 3131 484 3188 conspectum
507 3125 579 3174 illius
601 3124 728 3176 cadavere
747 3128 814 3177 eius.
834 3126 957 3177 substitit
980 3126 1048 3177 alter
1066 3128 1155 3188 frater,
1173 3126 1295 3176 soltanus
1315 3124 1404 3173 Achn-

310 3202 394 3253 mata‚
412 3194 439 3242 in
459 3194 524 3244 urbe
536 3198 652 3262 λαοσσόος
673 3195 773 3265 dequo
793 3197 965 3248 disseminata
985 3199 1037 3249 fuit
1055 3198 1134 3258 fama,
1153 3196 1287 3265 proficisci
1305 3195 1404 3245 inferta

310 3280 394 3313 rnauu
414 3273 505 3314 contra
525 3267 643 3316 lratrern.
681 3270 765 3319 exivit
784 3285 847 3319 sanc
866 3269 924 3338 ipse
936 3278 940 3284 ’
952 3271 1070 3320 exercitu
1089 3276 1259 3334 congregato,
1280 3266 1404 3316 commis-

310 3350 388 3383 surus
408 3352 532 3403 pugnam.
570 3337 616 3387 sed
636 3352 695 3387 cum
716 3340 801 3391 maior
820 3356 880 3405 psrs
901 3342 1033 3391 exercitus
1049 3340 1270 3390 eiusCuramanis
1289 3354 1335 3387 seu
1356 3336 1403 3385 Ci-

310 3404 419 3467 licibus,
439 3416 580 3467 constaret,
600 3410 764 3461 transierunt
788 3411 833 3461 isti
864 3412 892 3461 in
915 3412 1019 3461 fervore
1047 3411 1141 3477 praelii
1169 3408 1202 3459 ad
1222 3417 1310 3476 partes
1333 3407 1403 3455 Seli·
1467 3459 1469 3465 k

311 3491 382 3525 snae.
422 3477 459 3525 sic
479 3480 535 3545 ipse
557 3481 629 3529 solus
650 3496 707 3529 curn
727 3481 902 3531 familiaribus
927 3490 954 3532 et
977 3481 1070 3541 aedicio
1090 3481 1145 3530 suis
1164 3479 1283 3539 relictus,
1306 3493 1402 3545 quam·

309 3547 352 3594 vis
373 3546 484 3608 insitus,
506 3550 531 3597 iu
551 3558 714 3617 potestatem
733 3551 849 3602 hostiurn
869 3552 950 3602 venit.
998 3568 1078 3620 qoem
1100 3568 1159 3601 cum
1177 3551 1265 3600 vivum
1283 3548 1313 3597 in
1334 3564 1402 3596 con-

309 3626 431 3683 spectum
461 3619 548 3669 lratris
576 3620 761 3681 adduxissent,
788 3638 883 3688 magno
908 3623 994 3672 oravit
1013 3629 1110 3689 opere,
1129 3622 1223 3670 liceret
1241 3618 1291 3669 sibi
1309 3618 1401 3685 paucis

310 3704 371 3751 eum
390 3688 503 3756 alloqui.
541 3708 629 3740 verum
649 3693 765 3758 praecise
784 3691 834 3743 hoc
854 3694 877 3741 ei
898 3692 1070 3759 denegatum,
1090 3699 1117 3741 et
1136 3693 1194 3741 solo
1212 3698 1280 3740 nutu
1300 3688 1401 3753 signifi·
1480 3723 1483 3728 ,

310 3766 399 3807 catum
421 3759 454 3807 iis
479 3761 526 3827 qui
553 3776 612 3810 eum
642 3762 786 3823 tenebant,
810 3763 876 3831 quid
905 3765 992 3813 lacere
1019 3762 1158 3812 deberent.
1194 3760 1223 3810 bi
1244 3758 1400 3820 abductum,

310 3828 500 3950 ἓριρρυτωρρρνυ
521 3832 676 3894 interclusa,
697 3843 872 3900 necaverunt5
891 3851 942 3884 nec
956 3836 1043 3903 ipsum
1062 3832 1152 3894 modo,
1169 3830 1217 3882 sed
1233 3830 1301 3881 duos
1319 3831 1400 3880 etiam

382 3986 502 4037 Sublatis
522 3987 555 4037 ad
574 3988 645 4039 hunc
660 3988 765 4040 modurn
783 3990 917 4049 fratribus,
936 3989 1103 4057 patruelibus
1117 3997 1143 4039 et
1164 3988 1322 4054 cognatione
1342 3994 1400 4037 tola

282 4120 283 4127 ρ
311 4055 441 4123 (iucunda
461 4058 564 4108 scilicet
584 4062 607 4108 ei
629 4061 692 4109 talia
713 4068 802 4111 erant:
830 4062 877 4127 qui
908 4078 936 4110 sc
955 4060 1154 4111 formidabilem
1174 4067 1202 4109 et
1220 4060 1286 4109 citra
1305 4074 1400 4126 perso-

309 4144 402 4176 narum
422 4137 569 4196 respectum
589 4131 708 4180 iustitiae
730 4138 908 4190 executorem,
929 4132 1079 4180 inritatione
1093 4132 1134 4181 sui
1153 4130 1205 4190 avi,
1225 4129 1310 4180 videri
1324 4129 1400 4179 vols-

309 4196 370 4265 bat)
388 4200 588 4266 acquiescebat,
608 4201 694 4250 auimo
714 4218 762 4249 suo
785 4201 952 4251 satisfactum
965 4217 1082 4255 cernens.
1121 4218 1172 4249 sana
1188 4209 1277 4250 autem
1298 4219 1325 4251 re
1348 4217 1401 4266 pu·

309 4266 381 4317 blice
403 4284 496 4319 omnes
516 4271 660 4334 affligebat,
681 4267 754 4339 quod
775 4274 946 4323 continenter
962 4272 1090 4337 pecunias
1110 4289 1124 4320 a
1143 4271 1244 4322 civibus
1266 4273 1319 4322 suis
1341 4272 1400 4320 exi-

296 4336 399 4404 ..gebat‚
420 4340 490 4391 nova'
508 4340 621 4391 subinde
635 4341 734 4391 tributa
749 4343 901 4407 excogitans
922 4350 949 4392 et
961 4342 1103 4409 imperans,
1125 4343 1224 4411 quibus
1242 4353 1319 4411 paler
1337 4341 1399 4390 elus

311 4424 422 4477 prorsus
440 4412 574 4463 neminem
596 4421 757 4479 gravaverat.
800 4412 888 4466 biset
908 4412 1004 4465 caedes
1031 4413 1139 4471 adiecit.
1172 4415 1309 4469 interiecit
1328 4411 1397 4463 cuim
