3692 5350
672 569 991 633 naaatancmca.
1248 515 1252 522 ’
1311 552 1381 631 145

281 713 411 796 μακρόν
443 715 504 777 οἰπό
536 716 590 780 τόν
611 716 695 778 ’θεόν
727 720 781 779 καί
809 714 1137 796 συγκλήρωσιςμετό
1161 716 1216 781 τόν
1235 720 1384 794 σατανιῖν,

282 810 415 888 ἕσσντος
439 812 519 896 αῦτη
542 815 558 895 ἦ
582 817 762 894 χειροτονία
786 816 830 876 ad
845 819 946 897 μηδὲν
968 817 1013 888 εἰς
1038 815 1136 897 αῦτην
1156 817 1251 896 χάρις
1273 818 1385 889 τελέως

281 908 372 993 παρὰ
407 917 464 976 τοῦ
492 911 630 994 μεγόλου
653 916 827 995 α’ρχιερέιος
842 918 1011 994 Χριστοῦ,
1035 917 1093 976 τοῦ
1114 919 1193 977 θεοῦ
1216 917 1316 997 η’μοῦν,
1333 918 1387 977 καί

283 1009 372 1093 παρὰ
396 1012 452 1074 τοῦ
474 1011 630 1093 παναγίου
662 1011 764 1073 αἰτοῦ
785 1012 974 1089 πνεῦματος,
997 1010 1063 1092 α’μὴ
1086 1006 1164 1095 όργὴ
1186 1012 1242 1076 καί
1261 1010 1385 1095 κατόρα

230 1121 236 1130 “
258 1114 340 1180 5κιιί
360 1114 405 1183 εἰς
427 1110 482 1176 τόν
506 1110 783 1191 γειροτονοῦμενον
805 1111 859 1171 κατ’
877 1108 996 1182 εἰς’τόν
1014 1116 1286 1195 χειροτονηθέντα.

371 1207 498 1273 Λοιπὸν
521 1207 549 1294 ,ό
581 1208 676 1282 αῦτός
709 1211 891 1289 Ἀρσένιος,
921 1207 965 1281 οῦς
994 1212 1122 1285 ἐδέξατο
1152 1211 1185 1272 τό
1205 1213 1311 1288 τίμιον
1334 1211 1387 1270 κατ’
1396 1219 1446 1272 149
1487 1238 1497 1251 ,

284 1306 503 1389 προσκυνητόν
537 1308 670 1388 γράμμα
701 1306 735 1369 τό
765 1310 1012 1390 πατριαργικόν,
1044 1309 1113 1371 ciani
1135 1308 1265 1383 ου’δενός
1288 1307 1386 1389 ἐλογί-
1436 1318 1438 1321 ’

285 1402 486 1472 σατοαότό·
543 1405 609 1487 α’μη
642 1407 823 1485 ἀντέγραψε
857 1405 936 1486 πρός
970 1407 1027 1487 τὴν
1058 1404 1229 1489 καθολικην
1248 1408 1387 1490 μεγάλην

287 1507 454 1596 ἐκκλησίαν
474 1506 519 1576 εἰς
540 1503 656 1577 πλοῦτος
676 1503 845 1585 ὑβρίζοντα
871 1503 928 1567 τόν
949 1509 1149 1588 πατριάργην
1170 1506 1225 1570 καί
1244 1507 1319 1579 τοῦς
1338 1530 1388 1568 τι-

244 1623 279 1676 10
287 1601 465 1684 μιωτοίτους
489 1603 675 1685 κληρικοῦς,
707 1602 762 1664 καί
781 1604 912 1681 οἶτιμιάς
939 1604 1057 1679 πολλός
1077 1604 1236 1689 ἐφλυάρει
1257 1605 1273 1668 (i
1296 1629 1388 1668 τετυ-

288 1709 464 1786 φλωμένος,
488 1701 543 1762 καί
562 1701 614 1766 atta
638 1701 857 1783 ἐπρόσδραμεν
886 1705 932 1776 εἰς
949 1703 1009 1765 τόν
1028 1697 1148 1785 ἰατρόν,
1171 1703 1208 1766 at
1230 1705 1311 1789 λάβῃ
1332 1709 1388 1766 θε-

289 1801 423 1882 ραπείαν
447 1800 501 1863 κατ’
521 1797 674 1882 ἰατρείαν,
698 1803 742 1874 εἰς
765 1799 819 1862 τόν
847 1800 952 1863 κοινόν
971 1804 1128 1885 ου’θέντηκ
1148 1808 1203 1865 κατ’
1226 1801 1389 1886 δεσπότην,
1472 1815 1475 1819 ’

288 1897 351 1982 aiv,
365 1899 580 1978 σίκουμενικόν
609 1902 827 1982 πατριάρχην,
850 1897 907 1980 την
935 1897 1082 1982 ἔμψυχον
1113 1901 1219 1964 εἰκόνα
1243 1906 1389 1983 Χριστοῦ

237 2026 241 2033 ·
288 1999 348 2059 τοῦ
369 2001 481 2078 ἰατροῦ
502 2003 563 2061 τιῦν
584 2001 699 2078 ψυχῶν
721 2004 776 2060 κατ’
797 2003 858 2061 cciv
879 1998 1055 2076 στομάτων·
1107 1999 1171 2080 cina}
1196 1997 1326 2076 ἔσοντας
1347 1999 1386 2064 νό

247 2092 420 2183 λὸἐπαρθῇ
452 2096 471 2178 ἡ
505 2097 602 2177 χόρος
622 2100 678 2159 τοῦ
698 2102 777 2159 θεοῦ
796 2099 849 2158 ἀπ’
872 2098 973 2160 αῦτοῦ
1006 2101 1061 2161 κατ’
1082 2100 1120 2162 voi
1146 2099 1198 2163 τόν
1219 2099 1389 2186 ἐκυριτόση

289 2189 306 2257 ὃ
329 2194 486 2275 διάβολος,
506 2194 615 2276 ἔπεσεν
643 2197 688 2269 εἰς
711 2194 888 2278 ἀπόγνωσιν
901 2245 910 2276 ,
942 2200 999 2260 κατ’
1025 2200 1248 2283 ἐδιαφένδευεν
1274 2201 1319 2274 εἰς
1339 2196 1391 2263 τόν

290 2290 408 2357 ἑαυτόν
429 2319 482 2358 του
505 2293 553 2374 ὅτε
574 2299 676 2380 καλῶς
698 2294 804 2376 ἔκαμε.

372 2393 426 2468 Ὡς
448 2398 482 2458 δὲ
504 2394 570 2459 ἴδεν
594 2394 826 2479 όπατριάρχης
843 2394 923 2474 μετὰ
950 2399 1005 2478 τῆς
1028 2395 1116 2479 ἱερᾶς
1138 2398 1240 2459 ου’τοῦ
1256 2396 1392 2460 συνόδου

294 2492 352 2576 την
375 2495 603 2576 ἀναισχυντίαν
631 2495 731 2558 αὐτοῦ
760 2495 815 2558 καί
843 2499 901 2577 τὴν
923 2494 1087 2577 παρακοην
1107 2494 1177 2558 ’καί
1195 2494 1230 2558 τό
1245 2496 1394 2573 ἀ’πειθές,

246 2599 283 2651 20
292 2590 441 2673 ἔπεμψαν
464 2591 596 2677 γρόμμοι
620 2596 719 2673 τίμιον
741 2593 972 2676 πατριαρχικόν
994 2588 1047 2666 ἐἰς
1068 2594 1134 2676 την
1147 2596 1391 2675 Μονεμβασιάν,

292 2696 348 2757 καί
369 2682 530 2777 ἐκάθηραν
553 2694 657 2758 ου’τόν.
701 2679 756 2755 καί
776 2690 859 2757 ἴδετε
880 2692 934 2755 καί
953 2692 1010 2775 τὴν
1029 2690 1191 2778 α’πόφασιν
1208 2697 1261 2776 τῆς
1274 2697 1393 2755 καθαι-

295 2796 414 2874 ρέσεως
435 2792 548 2855 ndacii.

295 2986 385 3035 ritate.
423 2983 504 3034 talem
524 2983 737 3051 designationem
755 3000 814 3033 esse
837 2993 954 3035 sanctam
975 2993 1002 3036 ct
1022 2992 1114 3046 ratam,
1131 2984 1265 3037 beneficio
1284 2991 1313 3036 et
1331 2999 1391 3052 gra-

294 3056 333 3105 tia
353 3054 438 3105 sancti
460 3054 556 3105 vivifici
586 3055 703 3122 spiritns.
750 3054 797 3104 sed
819 3062 849 3105 nt
869 3056 1011 3123 episcopus
1036 3055 1160 3121 designet
1179 3056 1390 3124 metropolitam,

295 3124 323 3175 id
342 3142 405 3175 vero
424 3142 483 3175 curn
503 3141 605 3175 summa
626 3124 767 3192 impietate
781 3126 967 3193 ,coniunctum
1000 3143 1058 3177 esse
1088 3135 1116 3177 et
1136 3125 1221 3177 adeo
1241 3126 1391 3177 remotissi·

294 3212 375 3255 mum,
393 3196 621 3245 consociationem
648 3192 766 3261 denique
793 3211 851 3245 cnm
872 3192 983 3256 satana,
1009 3196 1232 3266 quandoquidem
1255 3196 1290 3247 ad
1308 3196 1389 3247 talem

294 3264 494 3316 ordinationem
523 3266 597 3315 nulla
617 3263 696 3332 plane
715 3282 730 3313 a
748 3282 850 3316 summo
872 3267 999 3332 pontifice
1017 3266 1140 3328 Christo,
1161 3269 1213 3317 deo
1231 3275 1343 3328 nostro,
1363 3275 1391 3317 et

295 3336 462 3389 sanctissimo
489 3335 547 3385 eins
577 3336 671 3403 spiritu
699 3334 809 3399 accedat
834 3339 938 3403 gratia,
957 3336 1006 3386 sed
1026 3338 1065 3386 ira
1082 3347 1111 3388 et
1128 3338 1265 3389 execratio
1283 3346 1341 3387 tam
1361 3337 1391 3385 ia

295 3405 467 3457 ordinantem
485 3414 541 3457 turn
560 3406 588 3456 in
607 3404 768 3456 ordinatum.

367 3494 424 3543 Hoc
441 3491 624 3544 venerandum
643 3490 813 3561 patriarchae
832 3500 859 3542 et
877 3491 1043 3543 adorandam
1065 3493 1219 3559 rescriptum
1240 3499 1270 3542 ut
1287 3492 1390 3559 accepit

295 3564 443 3624 assentur,
472 3580 520 3632 pro
539 3562 626 3613 nihilo
645 3565 768 3631 putavit:
796 3562 842 3612 secl
862 3579 1016 3629 responsum
1041 3560 1074 3610 ad
1092 3570 1210 3612 sanctam
1229 3560 1390 3611 catholicam

294 3634 437 3685 eccleciam
466 3635 604 3702 rescripsit
619 3634 734 3683 iniuriae
756 3642 783 3683 et
803 3633 983 3687 contumeliae
1002 3633 1129 3700 plenum,
1156 3641 1214 3701 qua·
1228 3632 1256 3681 in
1274 3634 1390 3700 patriar·

294 3704 373 3755 cham
390 3720 443 3773 qua
466 3706 492 3753 in
513 3703 682 3754 venerabiles
703 3705 824 3761 clericos,
845 3702 929 3753 multa
943 3718 1038 3769 magno
1058 3710 1273 3752 cumcontemtu
1293 3703 1323 3751 in
1342 3718 1388 3752 eos

295 3774 480 3835 deblaterans,
503 3774 583 3825 homo
602 3790 705 3824 caecus.
751 3772 820 3825 adeo
839 3774 930 3823 noluit
949 3772 982 3821 acl
1000 3771 1134 3822 medicum
1153 3788 1290 3821 accurrere
1314 3773 1388 3840 capi.

293 3845 382 3895 -endae
408 3842 559 3894 medicinae
585 3852 612 3894 et
637 3844 784 3894 curationis
803 3860 899 3905 causa,
920 3842 954 3892 ad
972 3858 1138 3893 communem
1161 3842 1278 3892 omnium
1300 3841 1389 3892 ‹lomi-

294 3932 375 3976 nnm,
395 3916 595 3965 oecumenicum
611 3913 807 3983 patriarcham,
824 3913 858 3963 ad
878 3914 1023 3963 animatam
1041 3914 1183 3977 imaginem
1206 3911 1314 3974 Christi,
1332 3921 1388 3963 tum

293 3986 447 4035 animorum
465 3994 521 4036 tum
542 4002 684 4053 corporum
701 3982 879 4043 medicinati
899 4000 958 4031 cnm
982 3983 1064 4033 semel
1083 3982 1108 4031 ei
1128 3983 1212 4048 gratia
1232 3982 1275 4032 dei
1295 3981 1388 4033 adem-

290 4064 342 4125 pta
363 4063 441 4115 esset,
463 4056 491 4106 in
510 4056 763 4123 possessionemque
778 4054 866 4103 iniseri
883 4052 1010 4103 diabolus
1027 4053 1153 4115 venisset,
1172 4054 1199 4101 in
1218 4051 1387 4121 desperatio·

292 4142 357 4177 nem
375 4126 480 4187 incidit,
497 4125 724 4195 improbissimum
744 4140 819 4173 sctum
838 4124 939 4173 sactum
957 4122 1128 4189 impudenter
1147 4122 1306 4174 defendam·

304 4258 309 4271 ,
365 4213 515 4265 patriarcha
542 4215 622 4281 igitur
643 4222 671 4264 et
689 4228 792 4263 sacrum
822 4226 880 4260 cnm
907 4211 966 4278 ipso
985 4209 1148 4273 concilium,
1169 4218 1311 4261 cernentes
1329 4212 1387 4262 eius

294 4283 491 4352 impudentiam
513 4282 726 4335 inobedientiam
755 4290 781 4332 et
801 4280 1047 4349 inobsequentiam,
1067 4282 1197 4331 miserunt
1215 4298 1317 4332 sacrum
1338 4298 1388 4350 pa·

247 4362 252 4375 '
293 4355 465 4406 triarchicum
488 4354 699 4407 Monembasiam
723 4350 888 4419 rescriptam,
907 4366 962 4419 quo
984 4351 1069 4418 ipsum
1091 4349 1124 4401 de
1143 4351 1241 4402 throno
1260 4351 1386 4403 detraxe-

295 4433 367 4476 runt.
406 4425 481 4475 cuius
503 4426 654 4477 sententiae
676 4423 826 4493 exemplum
847 4419 891 4471 hic
909 4420 1072 4472 subiecimus

355 4518 422 4570 aar.
437 4526 491 4587 pat.
512 4517 560 4570 Cl'.
1161 4514 1193 4565 10
1220 4493 1222 4500 Ι
